2640 4822
331 390 577 489 ususQun
601 390 864 463 scnmms.
1083 391 1130 480 115

58 537 156 618 aliqua
168 552 305 596 manare.
317 532 427 616 Neque
437 534 549 611 ahnuo,
562 535 698 597 simulari
712 536 768 597 ista
781 555 888 618 posse,
900 545 932 595 et
945 534 1045 596 solere
1057 557 1066 594 t
1077 536 1131 597 sed

56 647 115 721 sic,
127 656 162 704 ut
177 641 273 725 frigus
283 654 314 703 et
323 642 464 704 remissio
476 655 638 725 appareat,
651 656 681 704 et
690 663 752 703 uuo
763 641 870 719 verbo,
881 641 975 703 animi
984 641 1131 703 dissensio

53 765 82 812 et
93 769 207 833 pugna.
226 746 390 831 Amplius:
408 775 424 802 α
441 745 546 810 Multa
569 749 602 809 iu
622 770 659 810 eo
675 749 822 829 clareque
841 748 1003 810 sententiae.
1022 774 1037 800 ι»
1061 745 1133 810 Hoc

54 857 138 918 rmice
154 856 321 936 jactamus,
339 865 369 914 et
389 842 497 935 parem
510 854 539 915 ei
561 855 593 914 in
618 851 737 916 Grecis
759 866 810 915 ant
823 851 912 914 Latio
925 873 988 914 non
1002 855 1131 924 damus3

55 962 123 1045 quid
135 959 272 1044 parem?
287 959 337 1020 vix
353 959 566 1042 propinqumn.
585 957 685 1041 Atque
704 980 746 1022 eae
765 960 917 1021 sententiae
940 968 1048 1035 acres,
1077 979 1136 1020 ar-

57 1082 130 1152 gone
140 1113 151 1145 ,
161 1079 359 1150 penetrantes
367 1078 453 1138 sunt;
469 1079 500 1127 et
513 1069 594 1148 qnod
603 1080 707 1150 caput,
722 1065 876 1128 salutares.
890 1064 978 1127 Unus
995 1065 1133 1142 libellus,

55 1196 112 1236 una
126 1171 260 1257 epistola
275 1172 340 1254 ejus
354 1172 458 1249 dabit,
473 1175 555 1253 quod
568 1172 639 1235 satis
654 1172 693 1235 sit
706 1172 773 1233 vitae
789 1173 974 1249 formandae,
991 1185 1042 1234 aut
1061 1193 1136 1234 cor-

55 1280 207 1365 rigendae,
228 1276 334 1358 siquis
353 1277 486 1340 medenti
506 1298 538 1339 se
558 1280 660 1339 donat
682 1276 824 1358 Denique
839 1274 953 1339 Fabius
974 1300 982 1337 z
1001 1302 1021 1332 α
1036 1273 1137 1338 Multa

56 1385 236 1468 probanda,
250 1383 347 1445 multa
360 1383 454 1445 etiam
470 1385 646 1446 admiranda
665 1397 741 1445 sunt.
766 1412 781 1438 u
800 1382 883 1464 Quid
895 1382 955 1446 hoc
971 1382 1037 1445 est?
1060 1404 1136 1445 cen-

59 1512 183 1562 sorem,
200 1509 242 1550 an
255 1488 444 1551 laudatorem
459 1490 651 1552 induximus?
663 1491 760 1552 adhuc
772 1489 841 1552 talis
852 1489 908 1552 suit
925 1512 933 1549 z
949 1502 1028 1551 etex
1042 1488 1137 1549 animi

59 1619 171 1672 sensu,
186 1610 293 1660 contra
310 1597 446 1659 animum
463 1619 548 1680 pseue
565 1597 630 1659 huit
649 1597 783 1676 Venite,
800 1598 921 1673 audite,
938 1597 989 1678 qui
1004 1593 1136 1658 Fahimn

59 1702 145 1765 nohis
159 1701 311 1765 obducitis
328 1725 336 1762 ε
355 1723 412 1786 ego
432 1703 521 1786 plura
540 1717 592 1765 aut
608 1705 728 1786 majora
745 1725 807 1766 non
828 1703 977 1779 dixerim,
1002 1703 1053 1784 qni
1075 1698 1138 1763 Se-

61 1829 167 1872 necam
180 1811 330 1893 produco.
344 1837 360 1863 a
376 1806 434 1871 Est
455 1809 643 1892 probabilis,
665 1824 710 1872 est
731 1811 909 1871 admirabilis
927 1810 958 1870 in
977 1809 1104 1870 multis:
1121 1832 1137 1862 s

63 1915 221 1995 qrridnltra
230 1915 370 1977 rolmnus
378 1915 391 1977 ἓ
399 1936 471 1977 nam
481 1915 592 1997 ubique
603 1915 697 1977 talem
705 1938 782 1994 esse,
795 1915 926 1979 conditio
935 1915 998 1977 haee
1008 1913 1141 1976 hominis

63 2042 121 2082 non
134 2021 227 2106 capit.
243 2018 320 2084 Sunt
333 2021 424 2105 igitur
435 2035 465 2083 et
479 2022 590 2106 cnlpae,
610 2023 673 2084 sive
689 2023 761 2084 vitia
785 2047 793 2083 ι
809 2036 897 2104 atque
914 2043 951 2084 ea
972 2022 1012 2084 ah
1030 2022 1140 2083 eodem

63 2124 158 2188 Fabio
182 2130 276 2206 (nam
301 2148 359 2211 ego
384 2127 489 2190 ordine
515 2129 700 2212 excerpam)
719 2129 885 2191 audiamus.
911 2126 1050 2190 Primum
1075 2139 1136 2204 est,

66 2262 81 2288 α
100 2234 182 2314 quod
197 2234 337 2315 antiquos
349 2235 525 2310 incesserit,
539 2234 652 2297 diversi
667 2234 803 2297 conscius
818 2235 876 2297 sibi
891 2235 1020 2317 generis.
1035 2260 1049 2287 u
1070 2230 1142 2294 Hoc

65 2352 171 2422 capnt,
189 2338 240 2402 hic
255 2340 324 2401 lons
343 2353 388 2402 cst
402 2338 544 2401 Fabiana
568 2340 811 2423 reprehensionis
837 2363 844 2400 z
871 2338 923 2421 qui
939 2339 1049 2401 veteris
1071 2337 1142 2399 elo·-

66 2446 190 2526 quentiae
199 2449 214 2525 (
222 2466 280 2508 nec
290 2446 465 2524 immerito)
477 2460 615 2522 amator,
634 2467 778 2509 revocare
794 2466 884 2522 earn,
901 2458 931 2507 et
944 2444 1073 2505 nimium
1086 2442 1142 2504 sevi

67 2553 108 2613 sui
122 2565 302 2636 comptum,
329 2566 361 2614 et
384 2553 514 2615 fractum
537 2552 656 2615 dicendi
678 2572 772 2636 genus
788 2553 951 2613 emendare
967 2548 1143 2612 conahatur.

67 2658 124 2740 Qui
138 2672 243 2721 antem
265 2658 444 2729 tuebantur,
462 2657 610 2721 Senecam
630 2672 785 2720 auctorem
807 2671 859 2719 aut
878 2660 985 2719 ducem
999 2653 1144 2738 praesere-

66 2766 134 2829 haut
146 2790 155 2827 ε
167 2767 299 2848 ideoque
310 2780 340 2828 et
357 2765 437 2829 hunc
445 2766 567 2848 repellit
579 2811 588 2843 ,
601 2779 652 2827 aut
662 2765 784 2827 invadit.
795 2764 866 2840 Ait,
885 2791 900 2816 «ι
918 2776 1034 2824 veteres
1048 2761 1145 2822 inces-

65 2875 135 2936 sisse
152 2897 162 2933 ε
184 2901 200 2927 ι
213 2894 272 2936 nec
286 2872 384 2944 sals03
400 2873 527 2935 minime
541 2872 726 2953 antiquarius
738 2868 876 2946 Seneca,
893 2882 924 2930 et
936 2867 1069 2951 epistolae
1081 2866 1144 2927 istae

65 2980 136 3059 (uhi
155 2979 268 3063 judicia
286 2979 359 3040 talia
372 2979 542 3061 inspergit)
557 2979 675 3040 docent.
693 2975 761 3037 lmo
773 2977 849 3037 adeo
865 2973 1030 3046 abhorret,
1046 2987 1079 3033 ut
1093 2973 1142 3033 rix

71 3086 164 3147 alium
176 3106 270 3167 qnam
285 3083 450 3168 Virgilimn
465 3106 482 3145 c
496 3083 594 3167 poetis
610 3084 753 3154 advocet,
769 3093 820 3141 aut
832 3079 975 3141 Publium
989 3104 996 3138 ε
1010 3099 1081 3141 raro
1094 3101 1146 3140 ve-

68 3191 199 3252 tustioris
211 3190 267 3251 aevi
281 3202 333 3250 aut
347 3189 416 3274 styli
430 3209 621 3270 quemquam.
637 3187 802 3270 Proprium
812 3185 933 3266 aliquod
947 3198 977 3246 et
992 3206 1079 3246 suurn
1088 3206 1146 3266 ge-

68 3317 121 3359 nus
135 3295 265 3357 hahuit:
279 3306 315 3356 nt
325 3293 425 3357 solent
440 3295 496 3356 ista
510 3293 559 3355 vel
576 3313 645 3355 cum
660 3291 797 3353 aetatibus
810 3291 941 3366 mutari,
959 3291 1007 3351 rel
1022 3311 1079 3372 pro
1094 3290 1146 3349 in-

68 3403 154 3484 genio
170 3414 263 3483 atque
276 3400 380 3463 auimo
395 3402 537 3483 cujusque
550 3399 685 3460 formari.
702 3395 779 3478 Quis
796 3395 979 3460 Ciceronem
1003 3395 1146 3459 Graccho

69 3522 118 3570 aut
140 3506 255 3572 Catoni
276 3507 409 3570 similem
433 3508 532 3584 dicat,
558 3519 609 3567 aut
636 3506 730 3568 velit?
757 3503 824 3566 Nec
841 3504 886 3565 illi
903 3501 1071 3578 Senecam,
1095 3516 1147 3563 aut

70 3613 201 3676 Plinium
214 3638 222 3674 :
237 3614 291 3675 sed
305 3612 528 3684 necTacitum3
541 3625 655 3674 namet
672 3612 726 3673 iste
742 3630 846 3672 causas
857 3610 918 3692 egit
930 3654 938 3685 ,
952 3622 982 3669 ct
995 3608 1149 3669 orationes

72 3720 198 3805 scripsit.
220 3718 341 3781 Tamen
354 3739 433 3802 puro
448 3720 625 3800 sinceroque
646 3717 778 3800 judicio,
804 3716 951 3777 laudanda
971 3714 1002 3774 in
1024 3714 1100 3801 stylo
1117 3725 1147 3775 et

71 3826 191 3908 eloquio
203 3825 237 3887 hi
250 3826 435 3908 posteriores
451 3826 543 3887 etiam
554 3824 676 3885 hahent.
689 3822 771 3903 Quid
784 3824 822 3883 de
834 3819 1017 3905 Symmacho
1032 3821 1146 3895 dicam,

72 3956 161 4015 quem
174 3933 266 3995 multi
281 3932 413 4014 bonique
427 3935 490 4014 jam
507 3930 582 3993 olim
598 3929 771 3991 mirantur?
786 3941 903 3989 tantmn
921 3927 1015 3988 etiam
1036 3926 1076 3986 ab
1090 3926 1151 3986 illis

73 4038 187 4116 abivit,
202 4053 349 4123 quanumr
365 4039 443 4101 illia
462 4036 623 4102 Cicerone.
636 4035 680 4098 Ut
694 4037 727 4096 in
754 4034 885 4096 vultibus
900 4034 1029 4105 nostris,
1051 4033 1094 4095 sic
1118 4032 1149 4092 in

74 4148 150 4231 stylo
164 4146 323 4210 diversitas
340 4170 348 4205 :
364 4159 395 4207 et
407 4145 575 4208 laudabiles
589 4144 682 4206 etiam
698 4142 822 4219 forme,
839 4162 902 4202 non
922 4152 1008 4215 sunt,
1022 4152 1055 4198 ut
1071 4137 1095 4200 si
1107 4137 1152 4199 di-

74 4274 163 4331 cam,
184 4254 363 4316 uniformes.
386 4250 429 4314 At
451 4252 534 4315 enim
551 4248 651 4312 multa
668 4245 798 4312 ‘Senecae
814 4272 831 4303 s
848 4246 880 4309 in
891 4244 1086 4326 eloquendo,
1109 4242 1153 4309 ait
