2640 4822
488 408 794 480 PRAEFATIO.
1147 415 1182 481 ix

161 558 179 596 s
192 535 322 600 Praeter
337 528 509 613 subsidia,
524 554 601 622 quae
616 528 715 598 modo
730 532 930 615 memoravi,
943 531 993 597 uti
1008 532 1092 599 mihi
1104 555 1184 600 oon·

112 652 201 743 tigit,
212 650 250 717 in
261 648 370 741 prima
380 646 442 715 lib.
455 648 471 714 1
482 646 525 715 de
534 647 723 715 Clementia
732 662 841 738 parte,
854 645 1033 715 collatione
1046 647 1183 717 Codicis

113 764 332 833 Bibliothecae
350 761 584 854 Amplonianae
601 760 646 829 ad
662 765 796 830 Portam
813 763 898 830 Coeli
914 813 925 845 ,
944 764 1178 845 Erfurtensis,

113 906 132 948 a
147 883 232 948 Viro
252 879 389 947 doctiss.
404 879 534 947 etmihi
548 879 739 971 perplures
753 881 1076 949 annosamicissimo
1090 884 1181 948 Mat-

116 995 212 1078 thiae,
231 995 379 1064 Profess.
402 991 505 1086 dirig.
524 997 700 1086 Gymnasii
717 996 1182 1088 Leiningo-Grirnstadiensis

114 1111 374 1206 diligentissime
393 1110 546 1181 coniecta
566 1125 601 1180 et
626 1135 758 1181 meeum
779 1114 1038 1182 communicata.
1067 1111 1181 1181 Codex

112 1228 172 1296 ille
189 1226 490 1309 membranaceus,
518 1225 624 1296 seculi
645 1227 712 1295 XII
727 1227 941 1311 arridetur,
959 1226 1107 1299 necdum
1133 1227 1178 1297 ab
1224 1228 1226 1232 '

114 1342 183 1411 ullo
204 1340 375 1410 editorum
393 1357 595 1435 usurpatus,
618 1341 764 1433 scriptus
784 1355 837 1409 est
851 1340 961 1409 literis
973 1341 1183 1411 minusculis

116 1456 286 1539 solitariis,
303 1481 332 1524 s.
351 1457 504 1543 minutis,
519 1477 590 1524 non
603 1457 759 1525 cursivis.
777 1457 901 1526 Literae
915 1457 1108 1549 majusculae
1121 1457 1183 1524 ini·

117 1572 161 1637 tio
182 1568 402 1664 periodorum
425 1585 504 1639 sunt
524 1569 648 1663 partim
665 1569 826 1662 capitales
845 1619 855 1653 ,
875 1571 999 1663 partim
1021 1570 1037 1659 (
1048 1585 1082 1637 et
1103 1568 1182 1660 plu-

117 1685 233 1772 rimae)
254 1684 418 1753 unciales.
449 1685 590 1754 Constat
619 1707 685 1750 110
714 1682 819 1751 foliis.
842 1706 870 1751 s.
895 1683 1007 1776 potius
1026 1704 1096 1774 ²19
1121 1707 1181 1776 pp.

119 1800 214 1869 lorm.
232 1816 326 1892 quat.
342 1801 570 1870 Continentur
579 1821 620 1871 eo
629 1799 788 1893 Epistulae
800 1799 937 1866 Senecae
950 1800 1011 1867 LII
1023 1800 1156 1893 priores
1173 1823 1181 1864 :

119 1913 158 1985 de
173 1917 365 1985 Clementia
382 1917 422 1999 1,
442 1939 519 2010 oap.
546 1915 631 1982 1-18
651 1913 735 1983 incl.
759 1913 948 2008 zEpistolae
969 1915 1067 1985 Pauli
1079 1915 1185 2008 Apos-

119 2032 175 2101 toli
191 2030 238 2100 ad
258 2033 450 2101 Senecam:
471 2029 608 2099 tandem
624 2029 844 2124 Epitaphium
862 2046 900 2098 et
921 2045 1093 2125 excerpta.
1119 2031 1183 2098 Se·

120 2144 194 2216 dulo
214 2164 345 2216 etcum
367 2171 449 2215 eura
466 2147 612 2240 scriptus
637 2161 700 2213 est.
728 2143 783 2215 Ab
806 2145 873 2213 alia
890 2171 991 2216 manu
1013 2146 1185 2240 adscripta

119 2275 309 2371 leguntur:
301 2274 380 2342 ·.H
398 2275 455 2341 dei
472 2298 538 2365 gra
555 2275 635 2342 Rex
658 2270 785 2364 Anglie
809 2278 872 2345 dus
894 2277 1064 2371 Hydemy
1085 2275 1092 2369 Ι
1113 2277 1184 2343 dux

121 2412 298 2504 Nomany
320 2426 353 2476 et
377 2407 556 2504 Aquitany
581 2403 702 2475 Comes
722 2407 849 2500 Andeg
868 2405 875 2502 Ι
895 2410 959 2479 Ι).Α
1001 2412 1047 2476 lto
1064 2408 1184 2499 inXpo

123 2527 233 2594 From
250 2527 375 2597 Vtrtco.
395 2527 492 2593 Hanc
506 2523 632 2592 codicis
650 2522 912 2617 descriptionem
925 2525 1033 2592 amico
1050 2523 1185 2591 laudato

124 2640 249 2723 debeo,
277 2642 338 2733 qui
362 2657 397 2708 et
421 2664 440 2708 e
463 2641 639 2707 literarum
657 2640 763 2708 forma
787 2656 821 2707 et
836 2663 856 2707 e
874 2640 987 2708 verbis
1005 2639 1186 2733 adscriptis

123 2752 262 2851 colligit,
283 2781 357 2826 esse
374 2757 489 2824 loetum
505 2756 610 2824 seculi
627 2756 707 2824 XII.
727 2757 904 2824 Lectiones
919 2779 999 2824 ssne
1016 2779 1084 2823 non
1104 2779 1187 2822 con-

123 2871 317 2942 temnendae
329 2873 492 2941 continet.
512 2872 676 2965 Majorem
689 2889 802 2939 tamen
814 2895 956 2940 messem
973 2896 993 2939 e
1006 2871 1104 2940 libris
1120 2872 1188 2939 cri·

122 2992 193 3058 tisis
202 3005 383 3059 nacturum
395 3012 536 3081 sperans
548 2987 841 3081 (quandoquidem
856 3012 918 3082 per
932 3004 1067 3057 contum
1080 3011 1188 3056 annos

121 3121 153 3172 et
164 3105 259 3198 quod
272 3106 435 3187 excurrit,
449 3121 525 3196 post
534 3104 587 3173 Jo.
604 3104 701 3173 Frid.
718 3106 929 3175 Gronovium
940 3103 1187 3199 praeterlapsos,

120 3220 241 3288 multos
266 3221 358 3287 viros
383 3218 500 3288 doctos
523 3218 671 3288 sciebam
690 3222 827 3289 Senecas
855 3245 992 3313 operam
1011 3243 1104 3289 suam
1125 3243 1188 3286 na·

119 3339 259 3425 rasse),
282 3336 424 3403 multum
446 3338 607 3430 temporis
629 3338 671 3405 iis
697 3337 892 3406 evolvendis
918 3353 952 3406 et
980 3335 1190 3405 excutiendis

119 3450 274 3531 insumsi,
289 3450 462 3543 suppetias
475 3450 559 3517 mihi
572 3449 735 3520 afferente
748 3453 877 3519 Juvene
893 3451 1079 3518 humaniss.
1096 3452 1127 3517 J.
1142 3451 1187 3516 G.

118 3569 326 3654 Brandesio,
353 3571 619 3665 Hamburgensi,
644 3574 703 3665 qui
721 3573 896 3642 literarum
909 3572 1074 3640 honarum
1091 3594 1191 3638 causa

120 3705 191 3757 tum
216 3688 390 3780 Gottingae
415 3687 697 3757 commorabatur.
728 3690 908 3758 Enimvero
931 3713 1051 3782 parum
1074 3687 1192 3754 auxilii

118 3804 205 3873 mihi
224 3805 425 3873 attulerunt.
445 3807 530 3874 Nam
551 3806 580 3873 si
604 3830 624 3873 s
642 3805 733 3872 Viris
751 3855 761 3889 ,
786 3804 866 3873 dum
888 3806 925 3872 in
944 3805 1031 3872 vivis
1051 3818 1189 3885 essent,

117 3919 325 3989 doctissimis
347 3935 383 3987 et
409 3920 715 4013 ingeniosissimis,
742 3924 774 3989 l.
802 3924 851 3989 M.
886 3921 1127 4013 Heusingero,
1158 3935 1193 3986 et

118 4036 290 4120 Trillero,
313 4035 421 4103 altero
437 4037 648 4104 Isenacensis
662 4038 839 4128 Gynmasii
866 4036 1058 4118 directore,
1083 4036 1192 4107 altero

117 4154 266 4222 Proiess.
287 4151 526 4243 Vitebergens.
542 4203 551 4236 ,
570 4152 787 4238 discesseris,
810 4154 867 4221 vix
886 4179 990 4223 unum
1006 4155 1193 4221 alterumve
