2640 4822
252 333 522 455 rumorum
545 382 720 453 sunan
743 383 958 453 snnnca.
1027 388 1139 473 11an

66 529 188 592 fortiter
209 553 216 586 ε
239 556 255 582 α
270 527 422 611 Ilesipere
436 528 574 590 videntm
587 527 639 609 qui
660 548 721 588 non
738 540 919 589 venerantur
940 548 1027 603 enm,
1051 548 1144 608 quern

65 634 281 719 Apostolicam
300 633 538 696 familiaritatem
561 634 707 695 meruisse
728 645 853 695 constat
870 659 886 687 ι
901 630 1005 714 ltaque
1015 633 1144 716 rejicere

66 741 126 803 hoc
140 754 240 802 totmn
253 751 284 801 et
301 739 419 803 calcare
439 760 502 801 non
520 739 618 801 ausim
636 762 644 798 z
661 738 772 800 fuerint
786 737 913 819 aliquae,
937 740 991 801 sed
1011 738 1076 799 aliae
1094 762 1101 797 :
1117 739 1144 800 si

67 848 150 923 istae,
173 846 297 927 requiro
310 845 454 928 judicium
469 845 656 930 optimorum
671 841 806 906 Patruun
818 842 880 907 Sed
896 844 969 927 qnid
984 844 1036 909 alii
1050 847 1142 908 etiam

66 957 104 1016 de
118 951 237 1016 Seneca
251 996 261 1028 ,
276 952 442 1014 videamus.

309 1200 311 1205 ’
417 1241 792 1395 Jnnlomn

118 1464 293 1538 SUPER
318 1461 532 1539 SENECA
557 1462 802 1560 EJUSQUE
827 1460 1085 1536 SCRIPTIS.

412 1660 468 1724 (ux
485 1670 597 1710 nonan
615 1673 639 1710 r.
656 1659 792 1723 urrsro.)

460 1823 748 1854 *αισα-

103 1968 214 2030 thno
227 1970 305 2032 inter
318 1983 453 2047 veteres,
468 1982 531 2032 tres
544 1969 634 2032 fiisse
647 1971 698 2052 qui
714 1968 863 2032 Senecam
877 1993 912 2031 ex
925 1973 1062 2053 professo
1076 1973 1138 2037 cul-

56 2088 190 2159 parunt,
203 2073 399 2160 ,Caligulam
415 2074 547 2137 Fabium
565 2073 820 2156 Quinctilianum,
838 2073 952 2137 Aulum
966 2074 1102 2140 Gellium
1127 2103 1134 2139 ε

58 2203 124 2264 qua
138 2203 246 2261 cansa,
262 2195 313 2245 aut
326 2182 403 2258 fine,
422 2183 588 2244 videamus.
600 2178 651 2243 De
666 2178 826 2266 Caligula,
844 2179 1006 2246 Suetonius
1025 2209 1033 2245 ε

104 2315 125 2346 α
138 2287 254 2352 Lenius
277 2291 485 2373 comptiusque
503 2288 653 2352 'scribendi
668 2309 762 2373 genus
783 2292 860 2352 adeo
883 2292 1077 2374 contempsit,
1104 2304 1138 2355 ut

59 2393 228 2471 Senecam,
239 2408 304 2456 tum
312 2394 444 2456 maxime
454 2394 642 2477 placentem,
651 2392 890 2459 Commissioues
901 2418 1001 2459 meras
1012 2418 1138 2481 compo-

59 2523 196 2586 ponere,
214 2514 244 2563 et
255 2500 393 2563 brenam
406 2522 473 2563 esse
487 2502 552 2563 sine
565 2501 663 2577 calce,
682 2501 805 2564 diceret.
826 2530 841 2555 »
857 2499 948 2586 (Cap.
963 2501 1028 2581 53.)

101 2605 249 2693 Caligulae
275 2608 333 2671 boc
352 2608 495 2691 judicium
517 2621 563 2669 est
586 2634 593 2667 ι
618 2629 727 2691 nempe
750 2608 848 2685 illius,
875 2610 927 2690 qui
953 2632 969 2666 e
993 2609 1135 2693 cogitavit

59 2714 153 2776 etiam
175 2714 215 2775 de
241 2710 370 2776 Homeri
393 2712 577 2776 carminibus
600 2712 758 2775 abolendis
778 2739 784 2775 :
804 2715 935 2794 itemque
957 2713 1080 2799 Virgilii
1101 2729 1132 2777 et

59 2814 98 2877 T.
109 2812 189 2875 Livii
202 2813 338 2897 scriptis,
356 2834 392 2875 er
406 2812 548 2875 omnibus
560 2813 751 2877 bibliothecis
764 2814 950 2877 amovendis.
963 2842 979 2868 »
994 2813 1134 2894 (Sueton.

58 2943 124 3005 cap.
138 2921 205 2999 34.)
219 2918 269 2981 En
289 2920 466 2997 hominem,
482 2920 530 2983 cui
544 2920 625 2981 bona
645 2921 759 2983 scilicet
772 2920 911 3003 placeant
930 2944 937 2979 :
955 2933 985 2981 et
998 2941 1058 3001 quo
1078 2941 1133 2981 ar-

57 3029 138 3092 bitro
151 3027 269 3091 Seneca
278 3040 357 3103 stet,
373 3024 422 3089 iel
436 3027 530 3088 cadat
544 3023 627 3107 Quid
640 3040 741 3089 tamen
755 3027 786 3088 in
799 3026 931 3089 dicteriis
943 3026 1004 3088 illis
1018 3027 1132 3093 voluit?
1218 3020 1221 3031 '

60 3134 281 3197 Commisnbnes
300 3153 483 3215 componere,
498 3132 529 3192 id
544 3145 604 3206 est,
621 3153 738 3216 pompae
751 3146 868 3194 tannim
882 3145 912 3195 et
923 3132 1049 3195 theatris
1062 3148 1131 3217 apta
1220 3193 1230 3215 ,

57 3239 218 3302 snubere:
239 3261 304 3320 quae
321 3236 432 3299 llorem
450 3250 480 3298 et
500 3237 603 3300 sucmu
623 3238 737 3321 magis,
752 3258 846 3319 quarn
864 3239 960 3300 robur
976 3250 1006 3299 et
1019 3239 1133 3301 verita-
1256 3278 1259 3291 .
1305 3288 1309 3295 .

57 3359 122 3408 tem
138 3344 297 3407 baberent.
313 3341 390 3406 Sunt
410 3344 492 3405 enim
507 3343 743 3420 commissiones,
756 3367 849 3425 qumn
867 3346 946 3406 inter
960 3366 992 3407 se
1012 3346 1131 3430 ingenia

57 3451 309 3528 committuntur,
333 3472 391 3535 pro
415 3449 518 3535 palma
541 3474 547 3509 :
571 3456 739 3534 ἀγωνίσματα
761 3449 899 3529 Graecis,
920 3479 963 3514 και
991 3458 1132 3537 ίπιδιΐξεις.

58 3555 130 3619 Hoc
143 3577 182 3619 eo
196 3570 332 3641 spectat,
348 3559 448 3638 quod,
464 3569 496 3618 ut
506 3554 667 3619 Suetonius
681 3557 772 3635 dixit,
789 3570 931 3639 comptum
943 3569 972 3618 et
984 3562 1046 3619 lene
1058 3559 1132 3622 illud

56 3663 176 3726 dicendi
195 3684 290 3747 genus
313 3659 451 3746 Caligula
476 3662 597 3724 odisset.
617 3660 660 3722 Et
680 3663 717 3723 de
734 3672 862 3744 comptu,
884 3662 915 3723 in
933 3660 1048 3726 Seneca
1069 3677 1129 3741 est,

56 3770 189 3831 latemur
207 3792 215 3828 :
233 3770 271 3830 de
285 3769 420 3845 lenitate,
443 3767 518 3829 mihi
537 3789 600 3830 non
613 3769 746 3842 videtur,
761 3766 793 3828 in
809 3767 873 3831 istis
888 3770 1011 3850 quidem
1028 3770 1133 3853 pbilo-

56 3874 183 3958 sopbis,
198 3873 251 3935 ubi
264 3873 359 3934 robur
375 3873 471 3957 magis
490 3886 556 3950 est,
578 3886 608 3935 et
623 3873 789 3935 acrimonia
813 3897 820 3931 ε
844 3874 971 3937 fortasse
996 3876 1084 3938 aliter
1099 3878 1130 3937 in

56 3982 262 4058 orationibus,
277 3983 315 4043 de
332 3980 439 4062 quibus
458 3981 583 4064 p‘roprie
597 3978 736 4064 Caligula
756 3979 883 4044 fortasse
905 3983 1056 4047 censebat.
1072 3981 1134 4046 Sed

58 4087 207 4160 alterum,
225 4085 314 4167 quale
328 4086 531 4149 estiArennm
542 4089 604 4147 sine
617 4088 703 4147 calce.
716 4085 766 4149 An
779 4090 861 4168 quod
870 4089 985 4152 minuta
1002 4111 1137 4154 comma·

56 4194 119 4272 tia,
138 4205 170 4255 et
184 4213 288 4256 seusus
301 4192 435 4275 jaceret,
450 4211 559 4275 parum
573 4192 652 4256 inter
669 4214 701 4256 se
717 4194 874 4258 devincta?
893 4198 972 4277 quod
983 4194 1133 4260 difflueret
