2640 4822
167 402 244 484 xxvj
413 397 482 465 nn
509 377 636 466 vrrs
658 397 728 466 ur
749 400 1001 469 scnrrrrs

164 539 342 622 ltermque
357 563 364 598 ε

331 640 392 691 Jnn
404 639 483 705 satia,
497 639 567 706 divi,
582 661 651 696 mre
665 642 828 706 vindicum,

330 729 429 785 Parcite
442 731 503 784 diro
503 768 616 787 .......

163 832 259 917 Quod
275 832 350 894 item
368 828 601 910 meta-dium,
621 834 680 899 etsi
698 835 801 901 virum
818 848 874 899 :et
892 833 981 899 Deos
994 833 1068 899 lieo
1089 835 1246 921 rnltpar-

164 960 259 1018 eerc,
276 938 397 1024 poetica
415 938 599 1007 adulatione.

582 1076 744 1142 CAPUT
764 1079 828 1143 Vl.

457 1210 533 1294 Opes
546 1212 627 1294 ejus,
642 1214 738 1286 otte,
755 1214 822 1291 ngn'
829 1254 839 1288 ‚
846 1212 956 1296 smnus.

205 1337 269 1404 sea
282 1340 322 1403 ab
336 1340 445 1405 exsilio
456 1363 598 1405 reversus
608 1343 709 1424 statim
718 1342 751 1405 in
765 1342 928 1426 splendore
943 1344 1053 1406 iterum
1065 1341 1134 1423 ruit}
1149 1364 1247 1429 opum

165 1447 230 1534 jam
244 1460 330 1524 tunc,
341 1460 372 1509 et
385 1462 455 1511 ante
467 1448 570 1511 aulam
582 1495 591 1528 ,
603 1449 714 1535 largus
728 1444 812 1513 Nam
822 1464 911 1536 pater
924 1472 977 1514 eas
988 1451 1154 1533 reliquerat
1165 1497 1174 1528 ,
1187 1473 1248 1514 nec

167 1549 276 1616 omnes
292 1575 350 1616 suae
365 1554 515 1618 industries
529 1569 582 1618 ant
594 1554 720 1619 fortnnae
736 1556 836 1620 debet.
850 1555 922 1641 lpse
938 1559 978 1620 ad
990 1571 1123 1620 matrem
1139 1582 1147 1618 z
1163 1586 1178 1612 α
1195 1556 1249 1620 Τιι

169 1658 364 1723 filiafamilias
395 1635 597 1748 conspersus
620 1662 690 1726 filiis
715 1662 796 1725 unm
817 1663 979 1726 mutuum.
1009 1691 1025 1716 ι»
1052 1658 1150 1747 (cap.
1176 1661 1252 1762 ¹4)

167 1762 397 1830 Liberalitatem
411 1769 476 1851 ejus
489 1768 611 1848 laudat,
633 1790 671 1832 eo
690 1769 787 1854 magis
806 1770 888 1852 qnod
908 1769 940 1831 in
956 1769 1126 1850 locupletes,
1143 1781 1176 1830 ut
1192 1769 1249 1845 ait,

168 1894 227 1937 nec
242 1895 315 1936 sane
329 1888 462 1959 egentes.
486 1870 561 1938 Haec
578 1888 647 1937 ante
669 1875 772 1937 aulam
794 1889 852 1937 :at
874 1875 906 1937 in
925 1875 992 1961 ipsa
1016 1875 1152 1959 ingentes
1175 1896 1254 1958 opes

169 1982 321 2063 qnaesivit,
342 1982 404 2044 sive
418 1981 518 2066 potius
531 1981 686 2044 venientes
699 1982 779 2044 ultro
792 1981 924 2044 admisit.
935 1976 1100 2063 Pleraeque
1113 1980 1196 2042 enim
1211 2002 1251 2042 ex

167 2087 313 2173 principis
329 2087 533 2152 munificentia
553 2086 658 2150 babuit
674 2112 682 2149 ε
699 2102 788 2171 atque
807 2089 872 2175 ipse
893 2089 933 2150 ita
950 2090 989 2150 ad
1005 2086 1189 2165 Neronem,
1217 2087 1251 2150 in

168 2194 278 2258 Tacito
300 2209 404 2257 nostro
422 2220 429 2254 ε
448 2224 463 2250 «
478 2194 547 2270 Tu,
560 2195 675 2276 inquit,
691 2195 820 2279 gratiam
834 2195 1035 2271 immensam,
1051 2194 1248 2259 innumeram

168 2302 329 2384 pecuniam
343 2301 450 2364 dedisti
467 2328 474 2374 3
492 2303 572 2364 adeo
590 2315 623 2364 ut
639 2300 819 2387 plerumque
841 2301 920 2363 intra
941 2322 993 2363 me
1011 2300 1076 2387 ipse
1098 2301 1221 2364 volvam
1240 2327 1249 2362 z

167 2408 231 2470 Ubi
247 2421 293 2495 est
305 2409 424 2470 animus
437 2408 489 2471 ille
503 2409 630 2471 modicis
644 2409 824 2471 contentus?
838 2407 933 2472 Tales
946 2407 1052 2472 hortos
1066 2407 1204 2482 instruit,
1216 2423 1250 2472 et

167 2536 223 2598 per
236 2514 299 2576 baec
322 2512 496 2576 suburbana
518 2514 645 2588 incedit,
674 2528 705 2577 et
720 2515 810 2576 tantis
826 2535 970 2598 agrorum
990 2513 1116 2597 spatiis,
1133 2528 1164 2577 et
1184 2528 1251 2576 tam

168 2622 231 2684 lato
254 2621 366 2683 faenore
394 2621 566 2683 exuberat?
593 2648 608 2675 n
635 2617 725 2700 (Lib.
750 2619 863 2698 xlv.)
887 2619 969 2682 Nota
989 2621 1113 2697 hortos,
1134 2621 1250 2700 villas,

70 2746 73 2753 ’
119 2810 122 2817 7
167 2749 279 2813 agros,
296 2729 408 2803 faenus,
425 2729 528 2790 omnia
544 2728 611 2790 laxe
623 2741 653 2790 et
665 2728 808 2790 ubertim.
822 2727 881 2788 Vis
896 2727 1008 2790 iterum
1018 2725 1118 2791 Taciti
1131 2728 1226 2790 verba
1240 2776 1250 2806 ‚

167 2836 220 2897 sed
234 2836 273 2896 ab
289 2836 390 2897 alieno
407 2855 461 2896 ore
476 2847 506 2896 et
520 2835 628 2897 sensu?
642 2862 657 2888 ιι
672 2831 916 2899 Calnruniatorer
926 2878 935 2910 ,
947 2832 1066 2914 inquit,
1082 2833 1175 2894 variis
1185 2834 1253 2896 cri-

164 2941 382 3005 minationibus
393 2939 544 3005 Senecam
562 2941 760 3017 adoriuntur,
779 2953 935 3021 tamquam
954 2940 1111 3024 ingentes,
1132 2954 1166 3002 et
1179 2942 1251 3023 pri-

168 3062 268 3111 uatum
289 3071 381 3132 supra
405 3051 530 3111 modum
546 3061 668 3111 evectas
690 3068 786 3131 opes,
810 3047 908 3110 adlruc
924 3060 1049 3131 angeret
1074 3075 1081 3106 ι
1104 3051 1248 3131 qnodque

165 3155 261 3217 studia
279 3156 390 3217 civium
403 3155 434 3216 in
450 3176 482 3217 se
503 3168 636 3216 verteret
654 3178 661 3213 ε
680 3153 841 3216 hortomm
856 3175 976 3236 quoque
996 3157 1187 3232 ammnitate,
1214 3172 1248 3218 et

165 3262 308 3323 villarum
346 3262 568 3346 magnificentia
600 3262 686 3343 qussi
721 3262 892 3346 principem
927 3265 1204 3346 supergrederetur.
1227 3292 1243 3322 s

165 3368 297 3449 (Annei.
310 3369 422 3447 xlv.)
435 3368 477 3431 Et
488 3367 616 3443 Suilius,
630 3370 711 3452 apud
723 3371 884 3446 eumdem,
900 3372 1025 3432 modurn
1040 3371 1138 3463 etiam·
1147 3392 1244 3454 opum

166 3479 312 3560 expressit
327 3501 335 3536 ι
351 3505 369 3534 ι
385 3476 455 3558 Qua
476 3476 642 3560 sapientia,
658 3477 766 3558 quibus
788 3476 1041 3559 pbilosophorum
1061 3478 1239 3559 preceptis,

165 3585 243 3648 intra
267 3585 498 3666 quadriennium
520 3583 609 3666 regiae
630 3583 790 3660 amicitire,
805 3597 853 3645 ter
868 3583 980 3644 millies
1001 3581 1088 3645 HSS.
1107 3586 1248 3666 paravis-

165 3695 232 3756 set?
253 3692 360 3755 Rornae
373 3700 555 3755 testamenta
567 3704 598 3752 et
616 3690 709 3753 orbos
721 3735 730 3766 ,
744 3690 825 3752 velut
839 3691 978 3772 indagine
992 3691 1058 3773 ejus
1071 3692 1139 3773 capi
1158 3716 1165 3750 ε
1183 3691 1246 3753 lta-

164 3799 238 3862 liam
260 3812 289 3861 et
308 3799 498 3882 provincias,
521 3798 670 3860 immenso
691 3796 801 3859 faenore
819 3796 945 3858 hauriri.
962 3823 976 3848 »ι
993 3794 1076 3875 (Lib.
1092 3795 1195 3873 Xlll.)
1214 3797 1247 3859 ls

165 3908 273 3969 modus
282 3906 370 3969 nobis
385 3919 480 3981 esset,
499 3934 513 3961 ιι
528 3906 697 3989 septuagies
711 3905 869 3987 quinquies
883 3917 1008 3967 centena
1023 3904 1118 3965 millia
1130 3902 1246 3989 Philip-

166 4015 315 4096 picorum.
325 4041 339 4065 »
349 4011 435 4096 Opes
447 4035 530 4096 paene
539 4013 628 4095 regiis
639 4056 647 4087 ,
659 4012 756 4072 fateor
771 4033 778 4070 τ
793 4013 847 4072 sed
861 4013 897 4071 de
907 4009 999 4071 malis
1006 4010 1123 4071 artibus
1135 4024 1165 4072 et
1175 4033 1247 4094 cap

168 4134 286 4195 tatura,
303 4123 385 4201 quod
401 4121 555 4203 adjungit,
579 4140 789 4201 aspernamur.
807 4115 920 4179 Habuit
944 4130 1013 4178 ante
1031 4139 1155 4180 censum
1175 4140 1246 4179 ma-

159 4247 273 4308 gnum,
290 4239 322 4286 ut
337 4226 397 4289 dixi
415 4250 421 4284 ι
439 4240 470 4288 ct
486 4227 517 4286 in
531 4226 654 4308 copiosa
674 4225 728 4287 illa
748 4222 838 4299 aula,
856 4237 886 4285 et
905 4224 1008 4307 ampla
1025 4245 1060 4285 ro
1075 4221 1239 4304 Romana,
