2640 4822
343 415 384 484 L.
403 413 593 483 ‘ANNAEI
617 413 855 485 SENECAE.
1078 444 1145 487 xxv

55 559 171 622 exsilio
189 582 197 617 ε
215 584 232 612 «ι
249 552 366 620 Seneca
388 557 522 619 infensus
544 553 696 633 Claudio,
714 558 864 619 memoria
890 557 1004 639 injurie
1015 602 1024 633 ,
1037 561 1146 621 crede-

58 667 164 728 batur.
183 694 198 718 n
215 664 317 740 Nota,
335 664 451 745 injuria
469 686 479 723 .·
495 684 568 747 ergo
586 662 694 726 beccei
713 662 801 725 sacta.
822 661 864 725 Et
885 682 959 726 sane
980 663 1047 745 quis
1071 663 1147 728 alias

61 772 273 834 accusationes
294 769 523 853 impudicissimi
547 768 629 832 illins
650 769 741 832 scorti
757 767 980 848 (Messalinam
1003 769 1095 849 dico)
1117 784 1148 833 et

61 878 276 939 damnationes
297 875 387 959 hujus
411 875 554 938 obnouiae¹
567 875 691 958 pecudis
706 872 868 954 (Claudii)
882 875 1022 960 ignorat?
1037 875 1146 957 Neque

63 984 150 1044 enim
163 983 277 1064 aliquid
292 981 366 1042 mali
382 980 470 1056 fere,
487 981 546 1044 nisi
566 980 654 1043 bonis
676 995 706 1043 et
726 981 910 1060 insontibus,
937 996 1006 1045 sunt
1025 981 1147 1045 machi-
1170 1032 1174 1039 .

61 1090 137 1150 nati.
152 1089 239 1149 Vixit
251 1089 283 1148 in
298 1088 403 1150 exsilio
422 1107 517 1150 annos
541 1088 662 1151 circiter
677 1100 747 1150 octo
771 1110 779 1145 ε
806 1101 837 1150 et
856 1087 998 1164 fortiter,
1025 1087 1088 1149 imo
1114 1102 1147 1150 nt

58 1198 128 1278 ipsc
144 1196 200 1271 ait,
216 1195 347 1258 feliciter
361 1194 451 1272 vixit,
467 1194 590 1278 optimis
605 1194 708 1258 studiis
724 1194 1028 1277 meditationibusque
1044 1196 1145 1257 inten-
1236 1256 1237 1261 ,

59 1317 120 1364 tus.
136 1301 183 1362 lta
198 1302 281 1363 enim
295 1304 334 1363 ad
347 1315 478 1364 matrem
496 1324 503 1362 :
522 1329 538 1354 «ι
556 1300 640 1363 Inter
654 1322 706 1364 eas
722 1322 773 1364 res
786 1301 911 1365 beatum
925 1323 958 1364 se
978 1323 1061 1380 esse,
1079 1324 1145 1384 quae

59 1408 164 1470 solent
177 1407 307 1469 miseros
321 1406 422 1470 facere
436 1435 450 1460 »ι
468 1411 559 1490 (cap.
576 1407 621 1484 4)
639 1430 646 1467 2
663 1418 694 1469 et
705 1407 911 1491 pulcherrime
926 1407 1033 1470 deinde
1044 1407 1143 1488 (vide,
1201 1458 1204 1465 1

59 1513 171 1593 sodes)
185 1512 425 1596 philosophatur.
438 1511 532 1574 Addit
547 1513 579 1574 in
594 1496 748 1590 extremo,
763 1526 794 1575 et
807 1513 956 1597 assurgit:
978 1539 994 1570 ι
1011 1511 1146 1596 Qualem

60 1641 115 1680 me
130 1618 262 1701 cogites,
284 1619 413 1701 accipe:
438 1617 538 1679 laetum
559 1632 592 1680 et
609 1618 759 1692 alacrem,
786 1619 869 1681 velut
896 1619 1018 1703 optimis
1043 1619 1145 1682 rebus.

60 1724 142 1786 Sunt
153 1737 255 1787 antem
265 1726 402 1808 optimae,
415 1743 508 1806 mom
516 1725 635 1787 animus
643 1725 743 1786 omnis
753 1726 943 1809 cogitationis
956 1747 1079 1810 expers,
1093 1747 1144 1787 va-

62 1846 111 1896 cat
129 1832 275 1916 operibus
289 1831 366 1906 suis,
383 1844 413 1893 et
426 1832 519 1892 modo
534 1852 566 1893 se
582 1830 748 1893 levioribus
761 1832 865 1894 studiis
879 1833 1032 1921 oblectat,
1051 1834 1144 1895 modo

61 1941 103 2001 ad
118 1937 371 2000 considerandam
386 1935 432 1998 sni
446 1936 639 2018 universique
653 1949 813 2013 naturam,
828 1938 895 2000 veri
910 1938 1033 2017 aridos,
1049 1938 1146 2001 insur-

60 2046 115 2130 git
135 2072 152 2098 n
172 2041 205 2104 0
220 2042 398 2117 bominem,
415 2062 434 2102 o
452 2040 546 2104 verba
562 2041 711 2104 honesta!
726 2064 791 2125 qnae
805 2042 918 2106 imitari
933 2041 1067 2108 Octaviae
1077 2057 1144 2105 tra-

59 2150 171 2237 goediae
187 2163 293 2212 auctor
306 2153 390 2227 (non
406 2147 488 2210 enim
508 2148 572 2231 ipse
591 2172 598 2209 ε
616 2153 729 2232 apage)
743 2149 858 2228 voluit,
875 2150 923 2212 bis
936 2151 1093 2226 versibus,
1113 2150 1144 2211 in

60 2277 201 2341 persona
215 2254 338 2318 Senecae
355 2278 363 2314 ε

230 2367 326 2422 Melius
334 2365 445 2420 latebam
452 2407 462 2432 ,
473 2365 560 2437 procnl
574 2367 607 2420 ab
622 2367 728 2422 invidie
739 2368 812 2421 malis

230 2454 367 2516 Remotus,
381 2453 448 2505 inter
461 2451 558 2506 Corsici
570 2473 645 2522 rupes
656 2454 741 2506 maris.

233 2537 285 2590 Ubi
296 2536 362 2590 liber
371 2537 489 2603 enimus,
503 2537 575 2590 etsui
587 2538 648 2610 juris
658 2574 667 2603 ,
676 2538 741 2590 mibi

231 2621 337 2693 Semper
349 2619 468 2686 vacabat,
482 2620 564 2673 studia
578 2621 701 2674 recolenti
718 2640 783 2674 mea.

233 2703 258 2755 Ο
271 2723 349 2774 qnam
363 2704 466 2774 juvabat
480 2707 551 2775 (qno
565 2703 632 2756 nihil
647 2704 727 2775 majus
742 2724 832 2778 parens

232 2785 330 2838 Natura
342 2786 447 2856 genuit,
461 2785 543 2860 operis
557 2785 676 2838 immensi
687 2785 791 2853 artifex)

232 2866 332 2921 Caelnrn
344 2867 453 2932 intueri,
467 2868 533 2922 Solis
545 2880 570 2920 et
581 2888 667 2922 cnrrnr
679 2888 761 2922 sacros
771 2869 778 2921 l

65 2970 143 3034 tlaec
156 2971 302 3047 meliora,
318 2971 440 3033 veriora
453 2973 544 3033 etiam
557 3016 565 3047 ,
579 2993 670 3054 quam
684 2993 748 3053 quae
757 2972 789 3034 in
800 2970 1018 3038 Consolatione
1033 2978 1071 3038 ad
1081 2974 1145 3039 Po-

63 3081 183 3167 lybinm
197 3081 313 3163 abjecte
327 3080 419 3141 nimis
432 3094 463 3141 et
475 3081 606 3142 demisse
620 3080 791 3143 scribuntur
807 3104 815 3141 τ
830 3095 860 3144 et
875 3104 914 3144 an
930 3104 949 3145 a
962 3098 1066 3147 nostro
1079 3083 1140 3148 Se-

62 3189 166 3251 neca?
182 3185 333 3250 Dubitare
347 3206 410 3247 non
426 3186 521 3249 semel
536 3186 644 3264 subiit,
658 3200 689 3248 et
701 3207 784 3270 pene
797 3187 950 3251 abdicare.
966 3187 1146 3270 Quomodo-

63 3317 213 3377 cnmqne‚
230 3293 325 3355 homo
347 3293 403 3354 tuit
419 3316 426 3350 ε
444 3305 474 3354 et
489 3291 563 3353 illud
586 3305 667 3356 certe
693 3293 838 3377 scriptum
859 3314 922 3354 non
950 3295 1009 3356 nisi
1029 3294 1145 3358 inimici

63 3414 302 3485 protraxerunt,
322 3414 352 3462 et
368 3399 561 3482 publicarunt
577 3421 585 3457 ε
601 3399 729 3461 fortasse
745 3413 775 3462 et
793 3390 993 3464 macularunt.
1007 3400 1069 3464 Sed
1087 3423 1147 3464 no-

64 3524 112 3570 tes
136 3510 166 3569 in
182 3507 305 3569 Senecae
325 3527 416 3591 supra
435 3506 555 3584 verbis,
571 3508 718 3568 leoebribus
739 3508 825 3567 niam
849 3509 892 3567 ibi
912 3509 1014 3569 studiis
1036 3530 1067 3568 se
1089 3510 1142 3569 od-

65 3620 186 3676 lectasse
202 3635 290 3695 cquae
310 3613 429 3696 poetica
443 3632 553 3677 censeo
572 3636 579 3672 ε
603 3627 633 3675 et
652 3626 747 3676 exstat
762 3613 793 3674 in
812 3614 849 3675 iis
862 3616 968 3675 Medea
980 3637 990 3674 .·
1002 3637 1093 3697 quam
1114 3616 1145 3676 in

65 3720 174 3783 exsilio
195 3719 362 3802 scriptam,
384 3724 444 3800 q'uo
467 3732 617 3803 tempore·
631 3716 776 3782 Claudius
793 3718 983 3793 Britanniam
1006 3721 1144 3805 subegit,
1256 3792 1261 3805 ·

64 3828 141 3890 mibi
156 3846 240 3911 paene
256 3840 372 3888 certum
388 3849 395 3886 :
413 3840 501 3909 atque
523 3827 600 3889 adeo
615 3839 826 3909 argumenttun
840 3827 915 3889 illud
931 3828 1020 3911 elegit
1033 3829 1070 3890 de
1085 3827 1146 3889 Ja-
1258 3872 1262 3878 -

67 3957 159 4010 sone,
177 3948 213 3996 ut
232 3934 346 4015 aliquid
366 3934 554 4017 inspergeret
573 3931 688 3996 scilicet
709 3936 746 3996 de
765 3932 892 3997 Oceano
912 3936 1044 3998 subacto.
1063 3933 1145 3998 Sane

66 4064 173 4106 versus
187 4041 232 4103 illi
247 4040 278 4101 in
291 4038 397 4104 Choro
412 4061 487 4121 quo,
503 4040 561 4101 nisi
575 4041 613 4101 ad
627 4036 807 4117 Claudium,
826 4041 983 4125 spectant?

237 4156 349 4221 Parcite,
362 4178 378 4208 o
392 4156 461 4217 (liti,
473 4156 573 4209 veniam
587 4175 736 4228 precamur,

235 4247 312 4300 Vis-at
323 4260 352 4300 ut
363 4259 447 4313 tutus,
462 4265 530 4300 mare
543 4246 587 4317 qui
598 4245 706 4319 subegit
