2640 4816
119 365 197 429 xxiv
357 360 427 430 DE
452 362 589 454 vtTa,
607 363 679 431 ΕΤ
704 363 951 434 SCRIPTIS

119 528 186 590 cap.
205 506 266 588 ιγ.)
280 503 343 566 Sed
366 503 475 566 Romae
495 507 557 588 jam
573 525 699 568 uxorem
713 507 796 568 duxit
810 530 818 566 ε
831 528 942 588 qnam,
956 526 1020 573 non
1032 523 1078 574 est
1087 512 1195 594 prodi-

119 626 183 674 tum
192 637 200 689 5
223 609 364 674 habuisse
380 624 499 688 tamen,
515 610 605 673 liberi
619 612 767 676 evincunt.
788 611 871 675 Nam
885 613 950 698 ipse
964 615 1099 677 Murcum
1115 618 1195 678 llan-

120 720 268 778 dt'sst‘mum
281 738 416 797 puerum,
431 716 527 779 multa
542 716 630 779 laude
645 730 676 780 et
690 718 801 782 affectu
817 730 1053 799 commemorat,
1069 724 1108 784 ad
1123 723 1196 785 Hel·

12 822 18 829 '
121 825 201 885 viam
221 837 353 885 matrem
373 846 380 880 :
398 843 497 903 neque
513 821 726 907 antbigendum
742 826 814 908 quin
835 825 915 890 filius
934 827 984 890 sit.
996 827 1058 890 Vel
1072 849 1193 892 cannen

121 930 184 1010 ejus
199 930 323 1004 doceat,
339 927 391 989 ubi
407 928 485 989 inter
501 939 570 990 vota
587 952 595 987 ε

256 1093 299 1146 sie
312 1092 381 1146 dulci
395 1093 498 1147 Marcus
511 1094 556 1165 qui
568 1115 635 1148 nune
646 1115 763 1149 sermone
774 1095 901 1164 fritinnit,

310 1184 432 1239 Facundo
446 1197 547 1259 patruos
558 1199 677 1259 provocet
691 1200 735 1240 ore
748 1187 819 1240 dnos.

120 1324 202 1387 Nam
216 1339 249 1387 ut
262 1326 331 1388 illos
344 1326 485 1400 audiam,
501 1327 552 1407 qui
566 1330 606 1390 ad
619 1325 761 1391 Marcum
783 1325 941 1392 Lucanum
954 1328 1013 1392 hoc
1035 1328 1169 1392 referunt
1183 1377 1193 1403 ,

119 1433 197 1494 ratio
209 1454 270 1495 non
285 1434 409 1496 videtur.
419 1435 511 1516 Atqui
522 1435 708 1496 mentionem
717 1435 828 1519 prioris
842 1436 944 1498 uxoris
953 1457 1015 1498 non
1030 1435 1111 1499 facit.
1124 1435 1196 1498 Non

123 1541 153 1600 in
168 1541 215 1602 his
231 1542 335 1618 libris,
354 1542 451 1604 lateor
466 1565 473 1602 :
491 1542 563 1624 quid
580 1542 665 1603 tum?
685 1563 742 1605 uec
758 1540 863 1604 Annaei
881 1543 973 1605 etiam
988 1541 1079 1606 Melae
1093 1543 1196 1606 fratris

121 1647 319 1721 nominatim
332 1669 394 1710 uon
406 1670 479 1732 ergo
493 1648 620 1710 habuit?
635 1645 703 1710 Etsi
717 1648 894 1722 videndum,
908 1669 947 1710 an
961 1670 1023 1710 non
1040 1652 1077 1711 de
1092 1650 1197 1733 priore

122 1774 214 1815 uxore
229 1755 331 1837 capias
348 1755 428 1816 ista:
450 1752 674 1837 «Harpasum
693 1754 795 1815 uxoris
817 1776 895 1816 meae
909 1753 1039 1831 samam,
1058 1755 1116 1817 scis
1139 1755 1198 1817 lte-

121 1859 297 1920 rcditarium
316 1881 391 1921 onus
412 1860 444 1921 iu
466 1859 581 1921 familia
604 1881 673 1920 mea
696 1859 888 1921 remansisse.
905 1886 920 1914 a
932 1857 1055 1943 (Epist.
1073 1862 1117 1939 1.)
1136 1860 1199 1923 Vix

120 1966 201 2026 enim
216 1979 261 2027 est
275 1979 307 2026 ut
320 1967 357 2028 de
372 1964 498 2027 Paulina
513 1966 555 2027 sic
570 1965 726 2046 loquatur,
744 1977 775 2026 et
789 1965 898 2027 sentiat
921 1989 928 2024 :
948 1965 1010 2027 imo
1026 1986 1102 2028 onus
1116 1965 1201 2029 rele-

121 2084 172 2154 gat
186 2072 223 2133 ad
238 2071 408 2134 defunctam
429 2093 574 2147 uxorem,
593 2093 611 2132 a
632 2093 690 2153 qua
710 2092 804 2155 penes
823 2070 969 2133 heredem
993 2093 1064 2134 curn
1077 2071 1139 2134 alia
1152 2073 1201 2134 fa-

123 2175 205 2236 milia
223 2177 342 2238 mansit.
356 2174 418 2239 Sed
431 2178 542 2240 clarius
556 2178 648 2238 etiarn
663 2176 737 2238 alibi
760 2201 767 2236 :
784 2175 916 2257 «Quum
933 2175 1083 2239 sublatum
1100 2191 1147 2239 est
1159 2177 1203 2239 lu·

123 2303 193 2343 men
208 2328 217 2359 ,
236 2297 267 2344 et
282 2305 358 2345 uxor
372 2285 469 2345 moris
484 2284 546 2345 mei
559 2285 621 2366 jam
638 2283 758 2347 conscia
770 2283 922 2346 conticuit.
940 2311 958 2337 »ι
971 2281 1041 2363 (lll
1054 2280 1106 2345 De
1118 2282 1202 2362 lra.)

122 2384 200 2469 Quae
219 2390 317 2450 uxor?
339 2388 390 2449 illa
406 2389 506 2473 prior;
528 2410 600 2450 nam
616 2388 688 2450 libri
702 2390 739 2450 de
754 2387 822 2461 lra,
840 2386 918 2454 Caio
935 2387 1036 2452 adhuc
1043 2389 1136 2467 vivo,
1152 2390 1201 2452 vi·

122 2496 228 2558 dentur
242 2496 359 2580 scripti,
374 2498 406 2558 in
418 2496 487 2560 loco
505 2497 594 2558 nobis
607 2498 739 2559 doctum.
750 2495 793 2557 At
806 2494 965 2558 Paulinam
978 2509 1047 2580 post
1062 2497 1202 2559 exsilium

123 2604 251 2686 denique
266 2605 367 2682 duxit,
383 2605 522 2667 nobilem
534 2604 686 2666 faeminam
701 2629 708 2664 ε
722 2625 803 2686 que,
820 2607 961 2685 inquam,
973 2607 1036 2688 jam
1052 2606 1117 2668 seni
1128 2628 1203 2689 nup

123 2710 176 2786 sit,
195 2723 226 2772 et
246 2713 361 2793 potenti
379 2712 410 2771 in
427 2712 506 2773 aula.
521 2710 613 2793 Quod
633 2711 732 2795 ipsum
750 2710 814 2773 Dio
836 2697 977 2792 quoqu'e,
996 2724 1047 2773 aut
1070 2713 1204 2795 quisquis

92 2850 93 2855 κ
123 2816 175 2878 ille
199 2818 278 2900 apud
299 2815 435 2879 Dionem
456 2817 530 2885 fuit.
559 2816 764 2899 objiciendum
788 2815 909 2880 Senecae
934 2818 1051 2900 putavit
1067 2841 1074 2875 ε
1091 2838 1204 2901 nempe

124 2927 206 3006 quod
218 2939 305 2988 aetate
319 2927 420 3009 gravis
433 2925 626 3009 juvenculam
642 2924 727 2986 illam
737 2925 877 2987 duxisset.
893 2923 980 2987 Talis
994 2938 1120 3007 uterque
1131 2926 1203 2998 luit,
1224 2916 1227 2921 ¹

123 3046 155 3093 et
179 3033 243 3116 ipse
269 3030 386 3096 Seneca
410 3034 541 3117 prodit:
569 3060 583 3086 α
608 3029 679 3094 Hoc
703 3052 759 3115 ego
777 3029 910 3094 Paulinae
935 3053 1009 3094 meae
1035 3032 1117 3109 dixi,
1141 3055 1206 3114 qaue

123 3138 200 3200 mihi
215 3139 418 3201 valetudinem
433 3161 536 3202 meam
558 3139 759 3202 commendat.
783 3137 879 3200 Venit
898 3138 975 3200 mihi
995 3139 1026 3199 in
1043 3151 1204 3215 mentem,

123 3247 132 3305 i
138 3268 158 3307 n
173 3246 232 3309 hoc
247 3250 318 3309 sene
333 3260 363 3309 et
376 3247 601 3311 adolescentem
615 3267 700 3321 esse,
723 3246 772 3308 cui
792 3246 937 3329 parcitur.
957 3271 972 3299 n
995 3242 1109 3328 (Epist.
1127 3246 1208 3326 etv.)

124 3355 366 3416 Adolescentem?
388 3355 486 3437 ipsam
507 3352 675 3415 Paulinam.
707 3349 788 3415 Sane
813 3373 920 3414 amans
944 3372 981 3413 ea
1003 3353 1078 3427 viri,
1105 3365 1140 3413 ut
1162 3353 1206 3415 ihi

125 3461 262 3544 pluribus
275 3462 389 3543 jactitat
404 3485 412 3521 ι
429 3482 486 3524 nec
499 3459 595 3536 salso,
612 3473 642 3520 et
655 3460 687 3520 in
701 3471 800 3520 morte
815 3459 880 3540 ejus
895 3457 1042 3533 ostendit,
1058 3458 1106 3520 cui
1117 3479 1206 3520 suam

125 3571 227 3650 (quod
242 3569 272 3629 in
287 3568 352 3650 ipsa
365 3567 442 3644 suit)
456 3567 509 3628 ivit
522 3567 669 3650 junctum.
692 3563 803 3628 Postea
823 3564 1003 3627 videbimus.
1022 3562 1126 3644 Atque
1142 3565 1205 3627 istae

125 3695 235 3736 uxores
252 3697 259 3733 ε
277 3688 307 3735 et
320 3674 380 3734 alia
399 3675 459 3734 vita
475 3673 597 3754 quieta,
614 3685 645 3733 et
658 3671 724 3733 sere
735 3671 806 3732 ‘sine
824 3669 960 3744 offensa,
977 3669 1096 3752 excipio
1112 3691 1207 3752 gran-

127 3785 197 3842 dem
211 3782 297 3843 illum
312 3780 409 3842 exsilii
426 3800 539 3842 casum.
552 3777 637 3840 Nam
651 3775 707 3839 sub
727 3774 856 3840 Claudio
869 3822 879 3853 ,
890 3776 991 3860 primo
1003 3777 1127 3859 imperii
1140 3779 1207 3860 ejus

127 3909 226 3964 auno,
242 3909 335 3968 quum
347 3887 433 3949 Julia
453 3885 632 3948 Germanici
649 3884 711 3946 filia
727 3897 866 3947 accusata
881 3883 1020 3945 adulterii
1034 3897 1113 3945 esset
1130 3882 1206 3965 (Dii

126 3992 276 4074 nmque,
292 3991 485 4055 aMessalina
497 3993 545 4067 l),
562 4006 592 4052 et
607 3991 672 4074 ipsa
687 3990 815 4052 extorris
829 4003 875 4052 est
888 4004 974 4058 acta;
989 4003 1020 4052 et
1028 3990 1115 4069 quasi
1128 3989 1207 4050 inter

125 4100 281 4161 adulteros
296 4099 431 4172 Seneca,
450 4100 481 4159 iu
496 4095 656 4161 Corsicam
671 4097 830 4180 relegatus.
848 4097 974 4158 Verane
989 4095 1079 4178 culpa
1093 4095 1204 4169 luerit,

59 4234 67 4249 ¹
94 4272 97 4277 ,
128 4226 190 4266 non
208 4205 307 4268 dicam
325 4228 333 4263 a
353 4204 464 4278 nolim,
490 4217 519 4265 et
535 4202 660 4265 Tacitus
681 4203 973 4275 toruae-mecona
999 4200 1069 4284 qui,
1095 4200 1207 4264 ubido
