2640 4822
116 386 241 465 siusili
321 379 574 448 JUDlClUM
598 379 768 449 SUPER
792 380 995 453 SENECA

114 529 213 593 strutio
232 528 312 605 qest,
337 540 394 584 uec
412 520 562 582 amaret?
577 519 626 581 An
647 522 756 600 mam,
775 508 856 605 quod
871 525 982 611 ‘longus
1002 539 1032 587 et
1048 525 1114 588 sine
1129 525 1191 589 line

114 650 193 699 wast
211 680 218 695 .
234 632 311 696 elcut
332 627 461 691 matum
481 627 530 689 rel
551 627 649 690 circus
664 632 759 708 (nam
782 630 813 692 id
838 648 957 714 quoque
979 629 1109 710 Arena)
1125 633 1191 695 sine

116 742 216 807 castel
229 734 332 801 Possis
346 732 462 795 utroms
475 733 585 822 ducere
603 757 610 792 ε
629 745 660 796 e't
673 736 711 796 de
721 735 845 819 priore,
861 756 932 798 mox
945 738 977 798 in
987 733 1087 799 Fabio
1101 734 1191 800 vide·

116 850 211 913 umus
226 868 234 905 s
250 844 290 905 dc
303 840 400 905 altero
406 885 416 915 ,
427 851 544 902 certum
559 853 605 902 est
617 839 745 903 uberem
760 855 792 904 et
805 822 963 926 copiosum
973 822 1005 905 in
1015 844 1108 906 rebus
1122 865 1190 907 ver-

117 955 220 1037 bisque
241 968 328 1022 esse,
354 946 453 1008 eidem
472 946 564 1007 etiam
582 942 680 1011 Fabio
702 961 859 1009 assertum.
874 946 975 1030 Atque
996 949 1076 1012 bunc
1099 949 1192 1033 igitur

114 1060 270 1131 enliamus
290 1078 298 1115 s
313 1074 374 1117 non
389 1073 445 1135 per
458 1052 612 1128 convicia,
627 1055 681 1114 sed
694 1053 824 1134 judicio,
840 1069 874 1116 ut
885 1069 1030 1139 apparet,
1045 1069 1078 1119 et
1091 1058 1192 1121 consi

116 1168 158 1231 lio
172 1164 381 1228 arbitrantem.
395 1158 466 1234 Ait,
481 1159 535 1221 lib.
549 1158 581 1219 X
596 1185 602 1216 :

159 1300 172 1327 a
190 1270 237 1334 Ex
251 1268 397 1331 industria
411 1262 564 1329 Senecam
574 1262 605 1327 in
620 1267 707 1328 omni
719 1284 830 1349 genere
847 1268 1023 1348 eloquentiae
1037 1282 1197 1330 versatum

116 1378 230 1454 ilittnli,
246 1388 372 1463 propter
384 1374 537 1456 vulgatam
552 1374 629 1435 salso
646 1377 683 1436 de
697 1396 747 1435 me
762 1374 953 1457 opinionem,
968 1397 1027 1457 qua
1045 1377 1193 1438 damnare

117 1508 187 1553 euru
197 1498 226 1549 et
237 1483 368 1546 invisum
381 1503 500 1562 quoque
514 1480 630 1544 babere
644 1503 715 1544 sum
721 1482 859 1545 creditus.
872 1480 964 1563 Quod
976 1482 1085 1545 accidit
1096 1483 1193 1559 mibi,

118 1596 189 1659 dum
206 1600 398 1672 corruptum,
415 1600 445 1649 et
461 1588 602 1650 omnibns
611 1589 690 1650 vitiis
704 1589 835 1654 fractum
849 1590 968 1652 dicendi
981 1611 1091 1673 genus,
1102 1611 1196 1652 revo-

118 1720 188 1763 care
203 1697 241 1759 ad
258 1694 412 1756 severiora
432 1694 541 1775 judicia
556 1697 704 1757 contendo
721 1720 728 1754 z
748 1707 813 1756 turn
834 1709 935 1756 autem
956 1696 1038 1758 solus
1058 1696 1124 1758 sere
1145 1696 1196 1759 bic

119 1810 149 1871 iu
165 1802 305 1867 sirenibus
318 1800 555 1862 adolescentium
569 1801 643 1878 fuit,
660 1823 751 1883 quem
765 1822 827 1862 non
842 1803 986 1883 equidem
999 1804 1126 1865 omnino
1139 1825 1198 1867 co-

118 1911 215 1977 tuber
228 1921 385 1985 excutere,
402 1910 457 1970 sed
468 1907 637 1991 potioribus
653 1908 789 1992 praeferri
802 1930 865 1970 non
879 1909 1034 1983 sinebam
1048 1932 1125 1992 quos
1141 1910 1196 1972 ille

120 2040 182 2083 uon
193 2016 349 2081 destiterat
358 2015 508 2077 incessere
524 2038 530 2074 :
542 2036 635 2095 quum
649 2014 759 2077 diversi
774 2015 832 2077 sibi
841 2016 1201 2103 consciusgeneris,pla-

120 2148 190 2191 ecre
211 2145 243 2187 se
264 2123 296 2183 in
318 2122 445 2183 dicendo
460 2142 550 2204 posse
565 2121 625 2193 iis,
648 2121 757 2203 quibus
778 2121 823 2191 itti
843 2120 1019 2205 placerent,
1035 2120 1206 2189 diffideret..

123 2230 275 2299 Amabant
287 2241 390 2290 autem
404 2249 474 2290 eum
492 2229 605 2312 magis,
624 2249 715 2311 quam
729 2227 944 2305 imitabantur,
965 2206 1142 2313 taulrnnqnc
1158 2229 1201 2291 ab

121 2338 174 2404 illo
194 2332 387 2412 defluebant,
415 2348 559 2418 qnantum
582 2335 634 2397 ille
659 2335 698 2397 ab
721 2334 849 2416 antiquis
872 2336 1077 2399 descenderat.
1101 2330 1204 2398 Foret

122 2445 204 2509 carim
219 2443 405 2525 optandum,
421 2464 532 2529 pares,
550 2456 601 2504 aut
612 2442 720 2504 saltem
733 2443 888 2526 proximos
899 2441 945 2504 illi
959 2442 1025 2504 viro
1039 2441 1107 2504 fieri
1122 2465 1130 2502 ι
1145 2445 1205 2506 sed·

121 2549 262 2637 placebat
276 2564 402 2633 propter
415 2550 480 2611 sola
495 2550 586 2618 vitia,
603 2562 633 2609 et
646 2548 685 2608 ad
701 2568 737 2608 ea
752 2569 783 2610 se
798 2549 924 2631 quisque
943 2547 1093 2631 dirigebat
1105 2547 1201 2610 eslin-

123 2659 241 2741 genda,
258 2678 322 2738 quae
335 2669 464 2739 poterat.
478 2654 600 2716 Deinde
614 2675 707 2735 quum
722 2675 754 2715 se
771 2655 898 2735 jactaret
912 2656 1020 2715 eodem
1037 2648 1139 2740 modo*
1150 2656 1201 2717 di-

126 2785 218 2838 rere,
234 2759 383 2824 Senecam
397 2759 565 2823 infamabat
582 2783 590 2819 ι
608 2761 692 2842 enjus
707 2773 737 2820 et
749 2759 850 2821 multae
865 2760 998 2840 alioquin
1014 2805 1024 2835 ,
1040 2773 1070 2821 et
1081 2781 1203 2844 magna

125 2871 247 2931 virtutes
261 2868 399 2944 luerunt,
415 2867 571 2950 ingenium
584 2864 671 2926 facile
685 2879 715 2926 et
725 2865 882 2948 copiosum
893 2912 901 2943 ,
914 2866 1078 2949 plurimum
1092 2868 1201 2937 studii,

125 2990 154 3039 et
168 2975 261 3036 multa
277 2996 379 3035 rerum
395 2971 544 3056 cognitio,
562 2971 591 3030 in
606 2991 665 3051 qua
681 2985 782 3057 umen
798 2973 960 3053 aliquando
974 2971 1014 3032 ab
1036 2972 1074 3033 iis
1092 2972 1206 3054 quibus

127 3081 301 3163 inquirenda
322 3083 459 3161 quaedam
481 3077 661 3151 mandabat,
684 3079 824 3161 deceptus
848 3093 902 3141 est.
929 3078 1084 3140 Tractavit
1108 3080 1208 3142 etiam.

127 3208 249 3249 atumem
263 3187 359 3248 ferme
378 3185 545 3247 studiorum
560 3184 740 3255 materiam;
757 3205 829 3244 nam
847 3199 877 3246 et
891 3185 1044 3257 orationes
1061 3186 1152 3268 ejus,
1174 3200 1206 3248 et

129 3308 268 3379 poemata
281 3336 291 3365 ,
306 3306 337 3353 et
350 3291 501 3375 epistolas,
512 3304 543 3351 ct
555 3290 666 3373 dialogi
681 3290 826 3353 sefflssllm
839 3290 875 3352 ln
888 3291 1082 3377 philosophia
1091 3313 1209 3374 parum.

129 3401 275 3484 diligens,
292 3400 429 3481 egregius
443 3412 544 3459 tamen
559 3397 701 3459 vitiorum
718 3399 880 3460 insectator
900 3398 956 3460 suit
974 3422 985 3458 ι
1000 3397 1100 3460 mraltae
1117 3399 1207 3463 ineo

130 3512 276 3589 claraeque
299 3505 473 3582 sententiae,
498 3504 592 3566 multa
614 3505 706 3566 etiam
727 3526 849 3567 morum
865 3507 963 3589 gratia
983 3506 1129 3590 legenda,
1150 3510 1208 3569 sed

132 3640 162 3679 m
175 3612 345 3694 eloquendo
360 3623 501 3693 corrupta
515 3611 679 3695 pleraque,
696 3626 784 3695 atque
801 3633 838 3674 eo
860 3613 1098 3696 perniciosiora,
1123 3616 1210 3693 quod·

131 3723 282 3786 ,undant
295 3714 431 3777 dtrlcibas
447 3716 534 3777 vitiis.
549 3716 655 3780 Velles
671 3741 740 3781 eum
754 3739 812 3780 suo
826 3719 947 3801 ingenio
962 3721 1087 3797 dixisse,
1102 3720 1211 3782 alieno

132 3831 253 3903 tulitin.
265 3823 346 3886 Nau·
361 3822 385 3884 ti
404 3823 505 3905 aliqua
520 3825 765 3908 contempsisset,
783 3825 808 3885 si
822 3846 931 3908 parum
947 3827 1155 3910 concupisset,
1180 3830 1211 3890 si

134 3954 195 3996 ussa
210 3930 311 3992 narnia
325 3950 378 3990 sua
393 3942 544 4006 amasset,
561 3931 707 4000 sirerum
723 3932 858 4014 pondera
870 3933 1077 4014 minutissimis
1087 3945 1210 3997 senten-

134 4043 182 4100 tiis
193 4058 254 4098 nou
267 4036 423 4118 sategisset:
438 4058 585 4101 consensu
599 4039 698 4122 potius
715 4039 901 4100 eruditorum
913 4085 921 4116 ,
935 4061 1026 4120 quam
1036 4061 1209 4124 puerorum

133 4165 237 4205 amore
253 4143 512 4228 cousprobaretnr.
526 4144 644 4206 Verum
660 4145 704 4227 sic
720 4165 839 4226 quoque
856 4147 919 4226 jam
932 4145 1083 4223 robustis,
1105 4161 1136 4209 et
1155 4168 1210 4209 se-

133 4248 251 4311 veriore
265 4270 378 4333 qencrc
393 4250 464 4313 satis
479 4244 594 4326 firmis,
616 4250 758 4332 legendus
779 4250 829 4312 vel
851 4251 941 4328 ideo,
962 4252 1043 4331 quod
1061 4272 1214 4315 exercere
