2640 4816
131 365 201 435 xliv
318 362 582 434 JUDICIUM
607 364 777 435 SUPER
800 366 1022 438 SENECA.

131 508 234 571 onmia
248 508 367 570 sortiter
382 521 412 570 et
430 507 527 571 calide
538 512 653 594 agenda
667 523 751 589 sunt,
770 525 801 573 et
813 510 912 573 oratio
932 510 1001 571 talis
1023 509 1208 574 adhihenda»

130 614 181 676 An
199 636 261 676 nou
275 613 368 677 lecit?
380 610 569 676 Ciceronem
585 615 616 676 in
634 635 672 676 eo
685 636 797 699 genere
810 615 931 687 conler,
944 629 1085 699 stagnum
1099 615 1204 679 dices:

53 698 58 709 ι
128 721 209 785 hunc
219 735 322 783 autem
334 718 447 782 flumen
458 721 616 801 rapidum,
630 725 710 803 quod
720 722 867 785 lectorem
880 742 983 784 secum
993 720 1098 784 trahit.
1110 719 1204 792 Satis,

129 829 222 900 satim
240 832 298 911 ego
316 825 467 891 Senecam
484 829 641 906 universe,
665 829 865 891 admiratione
881 829 981 912 magis
1000 848 1093 909 quam
1114 828 1203 891 laude

129 930 372 1018 prosequendum
388 933 519 996 arbitror
535 958 543 995 t
559 936 591 996 in
601 934 739 1019 partibus
752 935 866 1018 aliquid
879 956 944 998 esse
958 936 1040 1016 quod
1055 956 1201 1010 censeas,

131 1054 183 1103 aut
196 1042 244 1104 cui
265 1062 461 1121 succenseas,
476 1062 540 1103 non
556 1062 646 1126 nego.
659 1041 740 1105 Saue
753 1043 864 1105 decidit
879 1042 1051 1117 interdum,
1067 1055 1120 1103 ant
1133 1063 1152 1103 a
1171 1062 1204 1104 se

130 1162 226 1211 mutat
237 1176 245 1221 t
264 1163 298 1211 ut
310 1149 342 1210 in
355 1149 431 1231 jocis
446 1163 497 1212 aut
510 1149 616 1227 dictis,
633 1171 725 1231 quam
736 1150 855 1233 ineptus
866 1148 958 1225 alibi,
969 1150 1033 1212 sive
1047 1148 1205 1211 affectatus

16 1244 21 1251 ⁶
130 1257 194 1319 est!
210 1257 243 1317 in
264 1254 401 1317 laudibus
415 1270 467 1317 aut
482 1256 656 1339 vituperiis,
672 1257 735 1319 sinc
754 1256 866 1317 modo!
883 1256 1028 1335 exordia,
1046 1268 1099 1317 aut
1117 1268 1204 1316 tran-

129 1362 220 1439 situs,
235 1360 419 1444 longinqua,
432 1374 484 1423 aut
497 1363 614 1424 comica
628 1363 636 1423 !
654 1362 770 1425 incuria
784 1363 877 1424 etiam
890 1361 921 1423 in
932 1361 1089 1424 historiis!
1106 1361 1204 1442 inqui-
1231 1358 1239 1369 “

128 1467 253 1530 sitiones
285 1482 336 1529 aut
360 1468 583 1530 dissertationes
607 1469 639 1529 in
663 1468 879 1553 philosophia,
908 1471 961 1531 sed
983 1481 1014 1531 et
1031 1467 1200 1551 philologia

127 1575 253 1637 tenues!
269 1572 345 1636 Sunt
356 1574 438 1636 enim
457 1574 533 1650 ista,
547 1577 600 1637 sed
616 1595 712 1659 pauca
731 1598 738 1631 τ
758 1588 789 1636 et
802 1574 966 1638 meliorum
988 1574 1089 1636 statim
1111 1573 1204 1635 inter-

128 1693 219 1742 ventu
232 1681 273 1741 ita
284 1694 468 1763 pensantur,
487 1694 520 1741 ut
537 1695 727 1743 momentum
747 1682 787 1743 ad
805 1680 1037 1764 deprimendum
1057 1700 1120 1742 uon
1142 1679 1202 1742 ha-

65 1818 67 1823 ·
128 1787 237 1861 heaut,
257 1787 287 1847 in
304 1786 361 1850 hac
374 1786 476 1868 judicii
498 1787 595 1849 lance.
612 1787 718 1869 ltaque
733 1788 912 1849 seutentiam
926 1807 986 1869 pro
997 1800 1028 1848 te
1039 1831 1048 1864 ,
1060 1784 1199 1865 Seneca,

127 1896 269 1956 audacter
292 1893 416 1954 serimus
442 1916 449 1952 :
471 1893 504 1953 in
525 1892 736 1976 philosophia,
760 1906 791 1954 et
814 1894 982 1976 praesertim
1002 1893 1114 1955 morali
1136 1895 1201 1978 ejus

125 2013 234 2083 parte,
251 1998 348 2061 vicisti
364 1998 414 2079 qui
430 1997 569 2076 luerunt,
582 1999 634 2080 qui
649 2012 737 2060 erunt
752 2021 760 2057 ε
777 1999 880 2082 accipe
894 2000 1047 2082 palmam,
1063 2020 1126 2061 non
1136 2021 1202 2062 ma-

125 2106 171 2190 gis
183 2127 275 2187 quam
288 2102 416 2167 Herculi
430 2103 547 2167 clavam
561 2108 683 2183 (omnes
697 2105 800 2166 omnia
814 2105 940 2183 saciant)
950 2107 1200 2185 extorquendam.

124 2210 161 2273 ln
174 2211 240 2295 ipsa
254 2210 443 2291 eloquentia,
456 2213 520 2272 duae
530 2223 588 2270 tvm
602 2211 726 2272 virtutes
738 2210 853 2272 eximiae
868 2235 875 2270 :
889 2211 978 2294 copia
991 2210 1023 2271 iu
1036 2210 1197 2288 brevitate,

124 2317 315 2380 vehementia
328 2316 359 2376 in
373 2315 525 2380 facilitatc.
539 2314 590 2377 De
604 2317 710 2399 copia,
727 2316 824 2379 honus
841 2318 931 2400 juder
945 2331 975 2379 et
989 2337 1080 2399 sagax
1095 2318 1198 2378 statim

123 2425 273 2509 agnoscit,
285 2437 315 2485 et
324 2420 437 2484 Fabius
449 2436 482 2483 ut
491 2422 678 2505 peculiarem
692 2423 833 2486 virtutem
845 2424 938 2485 ctiam
950 2422 1023 2483 alibi
1037 2421 1175 2505 adsignat
1187 2446 1195 2483 ε

125 2559 141 2586 ι
150 2529 282 2615 Copiam
290 2528 426 2605 senece,
438 2528 519 2590 vires
530 2527 684 2605 Africani,
694 2530 899 2591 maturitatem
910 2528 1008 2590 Afri»
1021 2526 1195 2610 (Lithl,

123 2660 189 2722 cap.
206 2639 268 2715 ιο.)
283 2635 327 2698 Ut
340 2637 441 2698 ridere
455 2635 565 2697 merito
580 2636 618 2697 sit
634 2636 720 2711 illos,
736 2636 787 2716 qui
803 2635 916 2697 siccum
931 2649 961 2696 et
975 2636 1093 2698 aridum
1105 2636 1197 2698 nohis

122 2746 233 2809 dicunt.
244 2743 285 2805 At
299 2745 336 2805 de
350 2740 539 2805 vehementia
553 2762 610 2826 ego
625 2743 688 2824 ejus
702 2742 800 2803 miror
817 2767 824 2801 ε
839 2755 869 2803 et
883 2756 928 2803 est
940 2755 1003 2803 tota
1017 2743 1115 2803 oratio
1129 2742 1196 2805 lere

122 2853 271 2929 accincta,
291 2851 421 2923 intenta,
439 2863 470 2911 et
482 2848 578 2910 robur
591 2849 623 2908 in
639 2871 675 2910 ea
690 2863 720 2910 et
735 2849 923 2924 acrimonia,
939 2870 998 2930 qua
1013 2848 1062 2910 vel
1073 2850 1112 2911 ad
1125 2846 1195 2911 Dc-

122 2960 311 3023 mosthenem
325 2979 357 3022 se
377 2960 475 3041 jactet.
500 2961 637 3034 Διινὸτης,
658 2980 721 3040 quae
742 2958 916 3020 mirabilem
936 2958 1022 3018 illurn
1038 2970 1193 3019 oratorem

122 3068 217 3143 lacit,
241 3088 311 3130 cum
335 3066 393 3127 isto
418 3080 500 3128 certe
522 3066 551 3128 ei
569 3065 738 3129 communis
761 3077 826 3136 est,
853 3064 984 3143 itemque
1006 3063 1126 3125 numeri
1147 3064 1193 3126 illi

121 3173 233 3234 viriles.
246 3171 336 3234 Unde
350 3184 467 3246 autem,
485 3170 544 3231 nisi
558 3169 715 3230 ah·animo
735 3169 813 3230 tali?
832 3183 862 3230 et
885 3197 900 3223 ιι
919 3182 1023 3252 pectus
1037 3182 1084 3230 est
1097 3168 1109 3251 (
1120 3170 1192 3252 pul-

120 3279 272 3343 cherrimo
288 3301 377 3343 seusu
394 3276 530 3353 Fabius)
553 3278 634 3357 quod
654 3276 782 3337 disertos
803 3275 894 3352 lacit,
918 3289 950 3337 et
968 3277 1013 3339 vis
1035 3278 1190 3338 mentis.»

118 3387 229 3452 Judica
244 3391 301 3465 sic,
320 3388 399 3447 hone
414 3383 545 3461 Lector,
568 3397 598 3444 et
619 3382 701 3445 bono
721 3397 774 3444 tuo
799 3384 980 3467 (spondeo,
1000 3384 1184 3467 respondeo)

120 3492 267 3557 Senecam
286 3513 366 3554 arna.
