2640 4816
187 377 245 463 xlij
383 374 650 444 summurn
675 376 847 477 soson
872 377 1076 447 sunsei

186 515 320 589 Fabius,
335 530 488 600 corrupta.
508 543 524 571 o
543 515 594 577 Ab
606 517 664 579 liae
678 534 788 593 causa,
805 539 896 599 quam
910 519 994 594 dixi,
1011 518 1124 583 seultu
1135 532 1175 581 et*
1184 519 1262 582 tiore

183 621 278 683 nimio
295 644 303 677 τ
321 621 449 702 denique
462 622 570 698 etiem,
582 626 665 703 quod
680 645 809 685 «rerum
823 627 959 708 pondera
972 624 1181 687 minutissimis
1192 646 1264 686 seu·

185 728 287 792 tentiis
301 726 401 810 fregit.
417 754 432 781 n
453 725 499 789 lta
513 727 597 791 enim
609 728 691 791 idem
710 731 814 793 addit:
829 752 928 812 neque
946 731 1069 807 abus,
1089 732 1214 794 crebras
1235 745 1266 793 et

187 834 318 895 minutas
331 831 403 895 istas
424 833 587 899 sententias
606 835 800 899 intervenire.
817 834 879 899 Sed
892 839 1027 919 pondera
1048 836 1143 898 etism
1160 858 1266 903 rerum

187 938 350 1022 frangere?
366 939 426 1001 hoc
445 959 542 1022 nego,
563 940 595 1001 in
621 940 686 1003 istis
705 942 828 1022 quidem
847 942 1065 1026 philosophicis
1083 942 1192 1019 libris,
1205 942 1266 1023 qui

189 1044 453 1129 exstantbugeut
467 1046 590 1129 magis,
611 1061 642 1108 et
657 1048 822 1111 intendunt.
841 1046 1016 1112 Stoicorum
1034 1049 1266 1132 lroepropriurn

187 1152 264 1230 luit,
285 1174 348 1213 non
367 1152 496 1236 gladiis,
516 1155 570 1215 sed
590 1155 799 1237 pugiunculis,
827 1177 896 1219 rem
916 1172 1023 1238 gerere
1050 1177 1058 1214 ε
1078 1168 1110 1219 et
1128 1154 1215 1217 breti
1237 1168 1268 1216 et

190 1260 323 1322 accincto
338 1280 480 1324 sermone
501 1281 577 1323 esse.
593 1258 696 1323 Docui
711 1261 785 1323 alibi
806 1259 850 1341 (l.
871 1259 1047 1324 ltlanuduet.
1063 1258 1148 1322 Diss.
1161 1263 1265 1339 ωε

189 1380 220 1429 et
235 1367 283 1427 vel
297 1364 475 1450 Epictetus,
495 1367 547 1448 qni
567 1380 721 1449 superest,
746 1368 836 1431 dicet.
852 1368 921 1429 lmo
939 1389 1014 1430 vero
1030 1367 1061 1427 iu
1074 1366 1268 1451 pbilosopbia

189 1472 268 1533 mire
283 1473 343 1535 boe
356 1473 466 1535 decere
486 1472 602 1535 videtur
617 1496 625 1532 ι
645 1472 727 1535 aliud
736 1473 768 1535 in
779 1473 914 1536 oratoris
930 1473 1051 1549 fateor,
1069 1475 1107 1535 de
1123 1494 1183 1553 qua
1197 1495 1268 1557 pro

190 1580 257 1662 prie
267 1577 399 1643 Fabium
412 1599 536 1641 censere
545 1578 622 1639 mibi
637 1577 741 1659 liquet.
750 1578 793 1642 Et
804 1593 923 1655 tarum,
932 1593 966 1641 ut
978 1579 1114 1641 revelata
1127 1578 1229 1642 fronte
1240 1594 1270 1642 et

192 1697 315 1767 pectore
333 1705 445 1767 agam,
461 1704 523 1745 non
541 1684 634 1746 etiam
652 1686 753 1757 abnuo
773 1686 925 1749 interdum
946 1684 1150 1748 sententiolas
1170 1686 1269 1748 inter-

190 1791 315 1868 venire,
332 1791 456 1873 [rigidas
469 1804 520 1853 aut
539 1791 622 1852 inani
637 1793 755 1876 argutia
778 1807 832 1854 :et
850 1813 925 1875 quus
939 1793 1025 1860 ‚exire
1042 1793 1157 1876 magis,
1177 1814 1269 1873 quam

190 1894 284 1957 ferire
294 1896 403 1959 dioem.
417 1895 480 1961 Sed
492 1920 595 1982 paucae
610 1912 679 1961 sunt
691 1901 753 1962 istae
768 1923 776 1957 z
789 1912 821 1960 et
829 1899 993 1961 meliorum
1004 1920 1149 1961 numerus
1163 1898 1270 1960 obum-

192 2000 269 2063 brat
285 2000 328 2078 At
344 2002 446 2085 culpat
462 2005 555 2066 etiam
577 2003 711 2082 Fabius,
726 2020 759 2067 ut
775 2034 791 2059 u
808 2005 839 2066 in
862 2005 1056 2088 philosophia
1075 2025 1186 2088 parum
1199 2005 1271 2066 dili-

193 2121 324 2191 gentem.
344 2135 360 2162 i
377 2107 461 2189 Quid
476 2111 536 2174 hoc
556 2112 625 2173 est?
644 2125 696 2173 aut
709 2114 747 2175 de
769 2131 829 2192 qua
846 2124 933 2193 porte
953 2111 1037 2193 loqui
1057 2110 1269 2193 computem?

193 2211 330 2298 Logica?
351 2237 429 2294 non,
450 2217 575 2300 opinor,
590 2219 737 2280 tractavit.
747 2216 910 2279 Naturali?
927 2220 1064 2298 quaedsru
1083 2217 1115 2279 in
1131 2237 1168 2279 ea
1184 2230 1270 2290 sunt,

194 2323 421 2421 ctnominatim
439 2323 511 2385 libri
525 2323 588 2387 Vll
604 2323 814 2404 Quoestionunr
830 2348 838 2384 ι
857 2325 910 2385 sed
929 2324 976 2387 illi
991 2345 1064 2386 vero
1090 2325 1132 2386 ita
1152 2324 1270 2396 eructi,

192 2430 320 2506 curiosi,
334 2430 480 2506 subtiles,
500 2444 533 2493 ut
546 2430 612 2514 ipsa
621 2430 803 2493 Aristotelea
815 2445 1002 2514 provocent,
1019 2445 1071 2493 aut
1080 2431 1211 2493 uncant.
1221 2429 1271 2492 De

197 2533 312 2597 Morali
327 2536 440 2620 igitur?
455 2558 560 2621 nngne,
571 2558 700 2621 regnum
711 2537 762 2601 bic
777 2539 857 2601 inter
874 2560 980 2602 omnes
996 2551 1088 2600 tenet.
1106 2536 1169 2609 seo
1183 2536 1273 2598 Fabii

194 2657 330 2705 mentem
341 2665 396 2726 ego
408 2644 488 2709 banc
503 2646 651 2723 arbitror,
668 2667 730 2707 non
745 2646 903 2726 inquisisse
922 2646 1012 2708 nimis
1033 2659 1085 2707 sut
1099 2658 1275 2729 penetrasse

193 2751 225 2812 in
238 2751 385 2813 interiora
399 2751 602 2838 Philosophiae
614 2776 622 2823 ς
643 2759 768 2817 externa
781 2756 839 2816 bae
852 2754 1014 2838 populari,
1032 2768 1062 2816 et
1074 2754 1159 2825 ,velut
1173 2752 1274 2814 modi-

194 2871 300 2929 eante,
319 2871 503 2922 contentum.
517 2859 609 2941 Quod
624 2859 722 2923 fateor
738 2883 747 2918 τ
764 2873 794 2922 et
809 2862 873 2944 ipse
889 2874 994 2923 noster
1012 2881 1093 2942 soepe
1113 2859 1193 2921 bunc
1207 2880 1274 2920 seu-

196 2984 263 3024 sum
288 2976 318 3024 et
339 2963 432 3025 finem
449 2986 539 3028 suum
556 2966 677 3048 prodit,
701 2965 785 3028 utilia
805 2967 902 3049 magis
922 2987 1016 3047 quam
1036 2965 1157 3026 subtilia
1181 2964 1276 3046 sequi.

197 3068 319 3144 Prodit,
338 3070 460 3132 etmihi
478 3071 588 3154 probat
605 3085 719 3152 :atque
738 3072 855 3135 utinam
878 3073 996 3155 operati
1010 3093 1117 3134 omues
1136 3070 1278 3154 pbiloso-

197 3177 273 3260 pbiae
293 3176 352 3241 huc
366 3179 451 3239 eant!
470 3176 622 3240 Ultimum
638 3191 700 3255 est,
717 3206 732 3233 u
749 3176 900 3260 Pleraque
918 3193 1060 3262 corrupta
1070 3179 1103 3239 in
1115 3200 1152 3240 eo
1168 3200 1246 3240 esse.
1260 3206 1275 3232 υ

199 3282 291 3364 Quod
307 3285 346 3344 ad
362 3283 568 3364 eloquentiam
584 3283 696 3346 iterum
714 3299 851 3368 spectat,
869 3306 932 3346 nou
951 3285 1039 3346 illam
1057 3304 1186 3366 puram,
1201 3285 1277 3344 sim-

197 3390 327 3472 plicem.
341 3404 372 3451 et
383 3390 538 3470 antiquam
552 3413 560 3446 τ
573 3390 635 3470 jam
654 3390 726 3453 lassi
741 3412 865 3467 sumus,
879 3404 910 3452 et
921 3390 1133 3473 pmdiximus:
1149 3416 1165 3443 α
1178 3389 1278 3451 oratio

199 3498 263 3580 ejus
278 3496 398 3579 (Taciti
415 3495 537 3572 verbis)
558 3497 689 3559 multum
711 3497 808 3560 cultus
831 3497 970 3581 praetulit.
993 3523 1008 3550 »ι
1030 3493 1164 3577 Quare?
1189 3515 1279 3557 causa

200 3602 312 3686 duplici
332 3626 338 3659 :
357 3630 372 3656 u
388 3615 420 3663 nt
434 3601 492 3663 suit
507 3601 553 3663 illi
574 3603 641 3664 viro
652 3624 806 3665 amoenum
817 3602 991 3686 ingenium,
1010 3616 1040 3663 et
1052 3600 1202 3683 temporis
1216 3586 1295 3683 ejus*

202 3710 325 3772 auribos
350 3712 623 3771 accommodatum.
647 3737 663 3764 »
685 3707 786 3786 Ecce,
809 3710 895 3793 prior
919 3728 1010 3771 causa
1032 3706 1073 3768 ab
1095 3705 1218 3788 ingenio
1251 3717 1281 3766 et

191 3816 303 3882 indole
317 3827 382 3892 est,
398 3815 477 3877 culta
493 3828 525 3876 et
536 3835 656 3877 omoena
668 3861 677 3893 ,
689 3815 771 3878 sacili
784 3829 814 3877 et
824 3816 948 3899 copiosa
966 3837 974 3870 :
991 3812 1086 3875 altera
1098 3811 1138 3873 ab
1150 3809 1283 3873 aerimo

189 3922 288 3985 .ribus
307 3935 338 3984 et
352 3922 507 3997 sensibus,
523 3922 573 3983 eui
591 3922 689 3984 oratio
706 3921 771 3984 sere
787 3942 819 3983 se
836 3935 928 4004 aptot.
952 3919 1066 3981 Noster
1088 3915 1248 3980 verissime
1273 3939 1279 3971 ε

206 4056 220 4082 «
238 4025 504 4110 Quemadmodum
526 4027 756 4109 uuiuscujusque
778 4028 857 4091 aetio
877 4026 987 4089 dicenti
1015 4023 1122 4086 similis
1146 4035 1209 4095 est,
1240 4021 1283 4083 sic

203 4154 298 4217 genus
317 4134 433 4197 dicendi
452 4132 588 4195 imitatur
609 4133 747 4216 publicos
770 4152 881 4195 mores.
903 4161 918 4186 υ
936 4129 1059 4213 (Epist.
1073 4130 1183 4204 exiti.)
1197 4125 1283 4192 Cor-

192 4240 305 4322 .ruptio
320 4241 411 4323 igitur
422 4239 479 4305 ists
491 4284 500 4317 ,
514 4238 635 4302 nonnisi
654 4238 686 4300 in
708 4238 789 4301 cultu
809 4239 905 4301 nimio
923 4263 930 4296 :
948 4236 1069 4317 etquid
1085 4234 1173 4297 valde
1195 4235 1285 4297 dam-

74 4352 202 4528 bu
