2640 4822
180 334 274 423 stou
445 334 994 411 locrorum-mors.

180 480 298 557 trotio,
314 499 378 563 qrut
391 492 548 565 postremo
567 480 663 542 nimia
675 480 737 543 ruit
755 502 848 567 super
864 485 984 568 ipsum,
1006 482 1133 547 minime
1154 483 1262 569 utique

180 588 326 653 uuratore
340 587 485 651 inanium
508 613 524 640 »

181 758 413 817 reservaturus
425 795 433 823 ,
445 758 490 812 lib.
503 759 545 826 V,
563 758 634 834 epist.
644 776 693 826 ιιι,
711 761 743 816 de
754 761 850 834 hirqui
863 759 976 816 doctrina
988 775 1012 816 st
1021 763 1133 818 moribus
1144 765 1261 840 insigues

587 851 710 904 amatoria
723 851 846 906 luserunt.

223 1023 237 1051 e
255 992 317 1057 Sed
332 1012 389 1077 ego
404 1013 511 1055 verear
524 1014 564 1056 ne
578 1014 628 1056 me
643 1014 706 1055 non
718 995 790 1058 satis
804 997 909 1058 deceat
922 997 1004 1076 qnod
1016 996 1115 1060 decuit
1124 995 1171 1059 M.
1182 997 1259 1060 Tul-

180 1102 271 1180 linrn,
287 1099 323 1165 C.
336 1099 485 1174 Calvum,
502 1099 644 1162 Asinium
658 1099 849 1177 Pollionem,
863 1099 909 1163 Μ.
923 1100 1106 1180 Messalam,
1118 1101 1159 1184 Q.
1175 1101 1259 1166 Hor-

179 1208 329 1285 tensium,
352 1205 398 1267 M.
412 1205 563 1284 Brutum,
586 1220 643 1270 etc.
659 1205 809 1268 Anmeum
825 1204 995 1284 Senecam,
1016 1220 1072 1271 etr.
1090 1235 1105 1262 s

321 1388 498 1442 Funeratus
514 1388 705 1454 hunencus,
718 1386 788 1460 epist.
801 1387 833 1440 ad
845 1388 975 1442 Annnurn
990 1387 1121 1441 Senecam.
1142 1450 1153 1465 ἱ

222 1560 237 1589 e
253 1528 431 1594 Plutarchus
452 1528 590 1610 (inquit)
611 1528 759 1610 siquidem
780 1527 905 1592 Graecus
918 1543 926 1570 ¹
941 1529 1035 1592 horno
1051 1545 1104 1608 ,et
1125 1529 1256 1615 Traiani

179 1637 324 1727 principis
334 1635 488 1720 magister,
500 1655 571 1697 suos
583 1635 682 1698 claros
690 1635 772 1697 siros
784 1637 896 1698 nostris
906 1636 1075 1714 conserens,
1086 1657 1178 1719 quum
1186 1637 1257 1702 Pla-

180 1746 244 1811 toni
266 1758 297 1807 et
313 1741 491 1816 Aristoteli,
514 1761 644 1822 quorum
666 1738 800 1825 primum
821 1738 978 1818 divinum,
1000 1744 1165 1804 secundum
1188 1744 1254 1805 due-

179 1851 317 1916 monium
335 1845 434 1911 Graeci
454 1860 583 1922 vocant,
606 1845 747 1910 Marcum
768 1844 964 1922 Varronem,
987 1846 1127 1910 Homero
1144 1848 1255 1933 Vrrgi-

177 1958 275 2035 lium,
295 1953 498 2017 Demostheni
521 1951 663 2015 Marcrnn
684 1952 821 2015 Tullium
842 1953 1021 2035 objecisset,
1039 1975 1128 2016 austu
1146 1966 1191 2015 est
1213 1956 1254 2017 ad

176 2077 366 2150 postremum
389 2074 419 2122 et
439 2063 549 2122 ducum
572 2059 811 2122 controversiam
838 2079 984 2136 morere,
1008 2082 1065 2124 nec
1087 2082 1158 2123 eum
1175 2063 1253 2122 tanti

176 2171 284 2235 saltem
296 2168 450 2231 veneratio
464 2166 602 2250 discipuli
616 2164 770 2229 continuit.
787 2165 823 2224 ln
837 2188 892 2226 uuo
906 2188 978 2226 sone
993 2188 1106 2228 sunnon
1121 2169 1251 2247 imperia

174 2299 287 2362 prorsus
301 2278 415 2355 iugeru'u
429 2298 486 2336 nort
503 2273 614 2333 enrduit
629 2271 773 2351 confiteri,
786 2273 868 2354 quod
883 2292 976 2353 quem
997 2272 1053 2363 tibi
1066 2294 1103 2336 ex
1117 2295 1203 2354 requo
1219 2274 1252 2334 in

176 2384 343 2449 moralibus
354 2381 511 2467 praeccptis
525 2379 712 2462 objicerent,
728 2398 791 2440 non
804 2377 963 2441 haberent.
977 2405 993 2432 u

493 2537 586 2600 lum,
599 2533 704 2608 epistola
714 2546 801 2587 eontra
815 2534 927 2588 Gallum.

217 2713 232 2740 u
250 2681 292 2746 Et
306 2703 376 2745 cum
388 2679 492 2742 Tullio
508 2675 658 2740 Senecam
678 2696 781 2760 pono,
801 2678 912 2756 dequo
927 2674 1104 2738 Plutarchus
1120 2698 1251 2760 magnus

174 2793 222 2857 vir
235 2804 265 2854 et
279 2787 403 2852 Graeeus
417 2786 496 2847 ultro
511 2784 639 2857 latetur,
661 2785 768 2843 nullum
783 2784 814 2842 in
837 2783 951 2843 Gracia
957 2781 1070 2857 fuisse,
1087 2785 1137 2864 qm·
1147 2786 1206 2844 sthi
1219 2789 1251 2845 ἡ,

174 2898 327 2959 moralibus
339 2895 430 2975 possit
445 2892 613 2971 comparari.
629 2917 643 2942 ιι

205 3106 213 3136 ¹
227 3099 385 3155 Plutarchus
397 3101 422 3149 sr'
431 3097 535 3165 quidem
551 3093 665 3146 Groecrrs.
674 3106 719 3146 etc.
731 3093 806 3147 Unde
814 3092 869 3146 brec
877 3093 1012 3147 Petrarcba
1021 3132 1029 3159 ,
1038 3095 1124 3147 neseio
1143 3111 1150 3146 :
1162 3095 1189 3147 in
1198 3095 1249 3149 ho·

172 3195 260 3249 ‹lierno
268 3189 404 3259 Plutarcho
414 3206 466 3240 non
476 3198 535 3258 poto
544 3183 649 3257 leg'uBis
657 3185 760 3256 quadem
770 3185 885 3237 nominat
892 3187 1014 3239 Senecam
1024 3186 1084 3238 :sed
1092 3186 1146 3238 sine
1157 3186 1248 3241 lauda-

170 3286 240 3340 tione
247 3282 296 3335 alia
303 3294 345 3333 aut
351 3279 443 3353 elogio.
448 3276 532 3329 Semel
541 3276 635 3343 libello,
646 3277 685 3327 De
692 3296 744 3328 non
753 3275 883 3330 irascendo
892 3276 1247 3349 :eldeo‚inquit,quumNe1-0

171 3372 363 3431 tabernaculum
371 3368 499 3441 quoddam
506 3365 764 3439 octangulnm,lorrna
775 3378 799 3419 et
808 3367 888 3440 pretio
895 3365 1016 3419 eximium
1024 3365 1115 3419 confici
1123 3367 1246 3440 jussisset,

170 3471 265 3524 Seneca
277 3463 309 3516 ad
323 3481 382 3515 eum
392 3479 399 3513 ε
410 3457 549 3511 Ostendisti
557 3475 691 3530 pauperem
702 3457 823 3530 teipsum,
834 3477 893 3509 nam
905 3456 926 3508 si
934 3456 984 3510 hoe
995 3458 1117 3523 amiseris,
1128 3457 1177 3510 tale
1188 3481 1245 3512 nora

170 3557 304 3632 reparabis.
313 3556 346 3607 Et
355 3553 389 3605 ita
401 3551 503 3615 evenit,
516 3570 594 3618 quum
602 3549 675 3602 novis
686 3548 907 3615 submersalesset,
920 3551 996 3622 periit
1004 3563 1027 3602 et
1038 3549 1228 3604 tabernaculum
1239 3572 1246 3606 ε

170 3648 238 3724 quod
253 3650 324 3701 Nero
336 3657 421 3696 tamen
435 3639 589 3693 moderatius
599 3640 658 3695 tulit
669 3679 676 3706 ,
688 3659 787 3693 mernor
798 3641 902 3693 Senecae
912 3640 1103 3694 admonitionis.
1122 3642 1245 3696 »lterum

168 3742 198 3794 iu
210 3739 292 3794 Galba
304 3776 311 3803 ,
322 3734 368 3788 ubi
378 3733 411 3784 de
424 3730 544 3787 Othone:
558 3752 571 3776 u
585 3729 655 3782 Otho
667 3731 782 3783 utebatur
791 3731 949 3783 familiariter
962 3731 1067 3796 Seneca,
1080 3731 1150 3800 cujus
1166 3752 1244 3805 opera

168 3846 192 3886 et
202 3829 302 3883 monitu
312 3827 404 3879 missus
414 3834 450 3876 est
461 3842 475 3873 a
486 3820 584 3876 Ctesare
602 3835 739 3894 propretor
756 3822 783 3874 in
801 3822 966 3875 Lusitaniam.
982 3843 996 3868 u
1014 3823 1123 3874 Attende
1140 3822 1223 3875 obiter
1236 3844 1243 3887 ς

166 3939 287 3997 generosa
298 3918 343 3971 illa
353 3928 436 3990 postea
446 3933 513 3965 mors
525 3911 687 3977 Othonis,ab
701 3909 748 3964 bae
762 3910 944 3965 consuetudine
953 3926 976 3964 et
991 3911 1119 3984 preceptis
1134 3911 1242 3965 senece

165 4015 277 4088 prolecto
287 4009 341 4061 luit.
349 4004 452 4077 Aliquid
464 4042 472 4068 ,
484 4002 529 4056 etsi
542 4001 631 4068 molli,
645 4022 673 4053 ex
681 4001 742 4054 forti
754 4003 864 4056 amicitia
876 4002 987 4056 adbtesit.
997 4002 1127 4054 Hactenus
1137 4000 1165 4054 in
1180 4000 1244 4056 Plu·

165 4103 252 4156 tarcho
264 4097 361 4173 reperio
372 4115 379 4150 t
390 4108 477 4150 cetere
490 4092 541 4147 lide
554 4092 697 4146 Petrarcbse
711 4095 834 4148 nituntur.
844 4094 909 4163 (Qui
918 4093 1037 4165 quidem,
1046 4107 1144 4166 utstepe
1152 4105 1221 4168 patet
1234 4134 1243 4163 ,

165 4213 220 4260 rapu
231 4189 302 4245 nulla
313 4199 426 4243 veterum
435 4185 526 4258 scripta
537 4185 565 4238 in
579 4183 696 4239 manibus
706 4183 796 4238 babuit
806 4202 863 4255 qute
873 4203 942 4239 nuuc
953 4183 1081 4257 deperdita
1093 4185 1182 4249 tunc)
