2640 4822
400 401 442 469 L.
469 400 653 469 ANNAEI
677 400 910 469 SENECAE.
1139 409 1195 473 xix

111 521 388 609 Declamtiones:
402 565 476 625 quas
486 542 676 627 praeloquiis,
687 556 737 604 snt
748 542 938 623 interloquiis
945 541 1096 603 distinxit:
1110 558 1139 605 et
1149 547 1197 608 rel

116 652 159 713 sie
172 672 265 714 corne
274 663 364 731 utque
377 668 532 711 nmoenum
543 649 698 732 ingenium
716 669 803 710 suum
821 649 893 710 setis
908 648 1045 708 ostendit.
1060 646 1198 712 Uxorem

118 757 224 819 11111111
238 757 416 818 1111111111
430 755 563 816 Helviam
575 800 583 831 ,
601 755 674 816 item
691 752 862 839 Hispanam
877 767 928 815 aut
942 750 1196 838 Hispaniensem,

119 860 1200 948 mgnianimietqueingenii[seminammtfilruseam(inConsolatione
1287 881 1290 886 ·

121 973 159 1032 ad
174 972 297 1054 ipsum)
310 970 383 1032 sutis
393 969 560 1052 descripsit.
572 966 682 1040 Pater,
700 968 827 1052 Augusti
841 968 1051 1051 temporibus,
1066 967 1200 1032 Romam

124 1073 220 1142 venit;
237 1084 269 1134 et
282 1083 385 1133 seeuta
396 1089 469 1131 mox
480 1088 558 1130 uxor
570 1089 640 1132 eum
654 1069 776 1142 liberis,
791 1089 921 1150 eumque
935 1069 1002 1152 ipso
1014 1069 1073 1132 boc
1083 1068 1201 1135 Seneca

123 1192 227 1242 nostro
239 1224 249 1254 ,
265 1177 365 1240 adhue
373 1176 496 1239 tenoilo.
506 1175 571 1239 Diu
581 1175 624 1238 ibi
634 1176 665 1237 in
679 1177 776 1260 grstia
788 1188 819 1239 et
832 1175 914 1238 lama
924 1177 1013 1253 vixit,
1024 1198 1097 1242 ,rom
1108 1176 1180 1241 lecit
1193 1203 1200 1238 z

123 1299 155 1348 et
165 1288 205 1349 nd
214 1285 322 1347 ultima
330 1282 450 1347 Tiberii
460 1300 571 1347 censeo
579 1297 699 1347 aetetem
709 1284 896 1367 produxisse.
911 1281 1030 1346 luducit
1042 1304 1110 1360 me,
1121 1285 1204 1366 quod

122 1389 294 1474 Sejeuiunae
313 1388 531 1472 conjurationis
552 1389 669 1451 mentio
688 1401 734 1450 est
753 1390 786 1450 in
804 1391 869 1471 ejus
889 1388 996 1461 libris,
1020 1403 1049 1450 et
1063 1389 1123 1451 alia
1137 1410 1203 1471 quse

120 1486 184 1551 1111
196 1500 342 1571 spectant.
355 1484 495 1564 Omitto,
516 1488 598 1548 etad
612 1486 709 1547 filium
724 1499 870 1562 nauseo,
893 1488 932 1547 de
947 1506 1007 1566 quo
1023 1487 1178 1570 proposui.

548 1638 714 1706 CAPUT
734 1638 779 1702 ll.

120 1774 175 1835 Ile
183 1779 244 1859 ipso
258 1776 295 1836 L.
310 1777 424 1838 Annoeo
437 1776 564 1850 811111αρ
575 1775 692 1856 ejusqtse
699 1773 836 1850 frutribus
850 1798 859 1833 ε
871 1776 922 1836 udi
932 1785 1020 1835 nutus
1033 1819 1042 1851 ,
1055 1787 1083 1836 et
1095 1776 1208 1856 quando

538 1881 793 1941 Romum'delutus.

173 2011 300 2074 timus
315 2007 482 2087 Corduboe,
502 2023 533 2073 et
545 2024 623 2092 puer
637 2009 709 2071 inde
724 2007 859 2071 Romam
875 2011 1036 2073 translatus
1051 2035 1058 2071 ε
1075 2015 1157 2092 qnod
1168 2015 1208 2075 itu

117 2116 242 2184 indicat
255 2119 340 2203 ipse,
353 2118 405 2180 ubi
420 2096 621 2179 materteram⁴
632 2116 735 2178 laudat
748 2140 755 2175 :
770 2144 785 2168 «e
800 2115 886 2178 lilius
900 2118 1040 2180 manibus
1054 2120 1085 2180 in
1099 2118 1208 2182 urbem

120 2221 264 2300 perlatus
285 2240 374 2290 snm;
389 2218 470 2279 illius
483 2218 536 2302 pio
549 2230 750 2297 maternoque
762 2217 909 2287 nutricio,
922 2239 980 2302 per
992 2218 1117 2303 longum
1127 2234 1210 2282 tem-

119 2344 187 2407 pus
200 2347 299 2410 aeger,
314 2323 464 2387 convalui.
480 2352 497 2376 »
513 2320 666 2403 (Consul.
679 2325 719 2384 ad
738 2320 829 2384 liele.
852 2345 917 2407 cap.
938 2328 1008 2408 ¹7·)
1021 2323 1055 2388 Si
1071 2327 1211 2390 nauibus

129 2433 285 2511 perlatus,
302 2429 414 2514 puerili
426 2430 457 2490 in
471 2442 558 2491 111111
575 2442 696 2512 oportet
706 2428 797 2491 luisse
812 2453 819 2487 ε
834 2443 867 2491 11
878 2430 963 2494 vides
972 2432 1123 2515 languisse
1140 2448 1211 2497 tmu

134 2538 242 2614 etiem,
263 2550 294 2598 et
312 2555 407 2619 opera
425 2555 556 2616 curaque
569 2537 706 2618 ejusdem
721 2535 899 2597 focillatum.
917 2535 988 2600 Hoc
1004 2560 1060 2622 ego
1076 2542 1212 2603 evenisse

138 2645 243 2729 colligo
250 2644 371 2706 decimo
381 2642 505 2723 quinto,
518 2654 570 2703 eut
578 2641 699 2704 circiter
711 2661 811 2719 anuo,
825 2655 895 2704 aute
904 2642 1032 2726 Augusti
1039 2667 1211 2720 excessum

143 2762 312 2833 argumento
337 2747 378 2809 ab
400 2747 603 2810 adolescentia
632 2741 755 2810 Senecae
773 2747 804 2808 in
826 2745 945 2810 Tiberii
967 2771 1051 2827 zero,
1072 2774 1143 2814 mox
1166 2756 1216 2815 di-

145 2860 240 2920 usto.
258 2854 346 2940 Ergo
365 2876 425 2917 uec
438 2869 528 2938 puter
541 2854 671 2916 dinume
685 2853 822 2916 llomem
840 2855 988 2939 migrarit.
999 2855 1125 2921 Fratres
1139 2862 1214 2921 duos

146 2960 261 3041 bouis,
281 2983 383 3044 neque
404 2962 482 3023 ullus
492 2980 633 3032 sororem
650 2980 687 3022 ex
703 2960 810 3022 verbis·
822 2962 888 3042 ejus
903 2965 946 3024 ed
954 2976 1085 3025 matrem
1103 2989 1110 3025 ε
1127 2995 1141 3020 u
1155 2962 1214 3029 Ca-

147 3072 290 3136 rissimum
306 3071 425 3145 virm,
439 3086 476 3131 en
486 3067 649 3150 quo-trium
660 3065 829 3128 liberorum
839 3080 940 3130 mater
949 3047 1038 3143 eras,
1047 3072 1186 3135 extulisti.
1200 3103 1214 3127 n

148 3178 203 3260 idel
218 3177 314 3242 Hele.
330 3176 399 3260 sep.
419 3177 470 3253 2.)
491 3173 535 3236 ili
552 3186 614 3236 tres
638 3186 760 3249 entem,
777 3172 825 3234 M.
844 3175 977 3236 Annuus
997 3175 1155 3256 Novatus,
1181 3178 1216 3241 l..

147 3284 272 3350 dmm
288 3282 425 3359 Seneee,
447 3279 484 3343 l..
507 3280 640 3343 Annam
663 3278 751 3341 Meis
767 3279 910 3350 iuemnt3
929 3282 990 3342 nsti
1008 3284 1134 3358 ordine,
1158 3306 1217 3367 quo

147 3395 275 3459 tentavi.
293 3390 365 3454 Hoc
385 3412 422 3453 ex
443 3387 738 3452 Controuersiarum
755 3386 1002 3470 inscriptionibus
1025 3389 1140 3470 liquet,
1165 3392 1218 3454 ubi

147 3501 203 3577 sis,
236 3501 294 3564 etsi
325 3496 557 3582 cognominibus
583 3494 678 3570 solis,
706 3507 910 3556 recensentur.
940 3494 1094 3559 Maximus
1117 3512 1218 3560 autem

146 3595 268 3672 Mum
288 3627 404 3670 nomen
423 3625 496 3666 mox
518 3603 667 3670 mutavit.
692 3613 723 3662 et
742 3601 774 3662 in
794 3600 881 3662 Junii
907 3599 1060 3664 Gallionis
1080 3605 1219 3682 mansiit,

147 3714 181 3776 ab
199 3735 240 3777 eo
255 3715 426 3797 adoptem
443 3709 506 3792 Qui
525 3706 631 3772 Gellio
648 3705 774 3770 Senecae
787 3708 868 3791 patri
888 3709 919 3768 in
937 3707 1222 3774 Declamationibus

147 3821 303 3905 aliquoties
320 3819 522 3891 nominatur,
543 3829 575 3878 11
588 3814 703 3877 Noster
725 3816 754 3876 ei
772 3814 907 3878 dicitur:
931 3817 996 3877 sive
1022 3837 1039 3876 a
1067 3822 1221 3880 communi

145 3928 262 4013 puin,
282 3923 451 4009 Hispsuie3
478 3925 542 3986 sive
563 3923 605 3986 ub
626 3922 781 3997 uenieitia,
801 3944 867 4003 quae
887 3943 956 3984 cum
976 3943 1013 3984 eo
1033 3924 1099 3984 init.
1122 3925 1172 3987 An
1194 3941 1224 3988 et

147 4035 334 4100 mindo
349 4048 402 4096 sut
411 4032 572 4117 cognatio?
587 4031 692 4094 nescio
704 4077 712 4103 ,
726 4031 862 4114 suspicor
872 4043 973 4092 tamen
985 4031 1027 4091 ob
1041 4031 1118 4093 hane
1131 4036 1224 4117 adop-

147 4144 271 4206 tionem.
287 4140 346 4204 Est
365 4154 467 4203 autern
486 4140 540 4202 ille
556 4137 686 4212 Gellio,
712 4136 763 4226 qui
788 4137 877 4197 Pater
898 4134 1104 4218 Quinctiliano
1128 4161 1225 4224 agno-

146 4252 297 4328 suatur,
315 4251 451 4330 itemque
471 4245 602 4323 Tacito,
625 4233 715 4308 serto⁴
727 4243 902 4306 Amiatium.
924 4226 1037 4308 Noster
1051 4259 1152 4308 autem
1170 4247 1226 4317 iste
