2640 4822
468 406 773 482 PRAEFRTIO.
1111 416 1163 502 sij‘

77 535 203 619 unice,
220 558 341 628 parum
356 534 440 607 utile
455 538 567 607 risum
580 550 632 603 est
642 535 830 626 unicuique
841 547 929 601 notae
943 552 1068 602 nomen
1081 558 1160 604 euc-

71 654 167 721 toris
179 653 414 747 subjungere,
430 654 497 721 nisi
518 676 625 746 quum
640 652 731 719 inter
743 672 779 718 se
798 664 993 744 pugnarent
1015 648 1164 721 diverse

65 778 404 868 interpretationes,
425 775 655 857 lectionesve,
681 788 717 841 et
744 795 805 839 nos
828 771 958 864 aliquid
977 775 1056 840 novi
1074 796 1156 866 pro·

61 918 301 994 poneremus.

125 1010 303 1083 Praetereo
320 1035 366 1079 ne
385 1009 472 1104 quid
488 1010 623 1079 deesset
646 1008 690 1077 ad
708 1009 861 1103 perfecte
880 1007 1105 1104 intelligenda
1123 1026 1162 1079 et

64 1140 175 1197 recte
189 1125 388 1196 estimanda
403 1125 661 1220 judicandisque
679 1128 787 1195 nostri
809 1125 1005 1220 philosophi
1023 1150 1155 1219 opera,

69 1244 268 1314 Mundibus
275 1245 375 1314 libris
384 1243 885 1314 Mmduco'onemadstoicam
893 1240 1166 1335 Philosophiam·

77 1360 259 1455 Physicis,
283 1362 504 1430 Nammlibus
521 1384 644 1454 nempe
667 1359 941 1455 Quaestionibus‚
969 1356 1159 1454 Plr‘ysiolo-

88 1481 174 1563 giam
185 1475 371 1546 Stoicorum
382 1476 624 1569 praemisimus3
635 1460 712 1567 quae
725 1474 850 1567 scripta¹
864 1473 963 1541 libris
975 1475 1016 1541 L.
1033 1472 1076 1542 A.
1095 1476 1167 1544 Se·-

93 1609 174 1658 uecae
192 1586 402 1660 illustrandis
414 1593 575 1685 princepe
588 1605 623 1659 et
632 1589 701 1659 dux
712 1604 1033 1669 commentatorum,
1044 1589 1167 1658 Iustus

10 1738 14 1823 p
98 1704 216 1798 Lipsius
231 1707 441 1776 consecravit
452 1711 479 1775 ¹.
501 1706 590 1798 Quae
609 1705 772 1798 quidem,
797 1707 1015 1798 quantumvis
1034 1706 1154 1790 utilia,

99 1820 184 1891 immo
193 1814 717 1906 necessarinnobisviderentur,
731 1820 814 1891 huic
821 1822 962 1891 editioni
971 1820 1165 1914 adjungere·

98 1935 144 2005 tiu
163 1938 413 2022 dubitavimus,
436 1938 537 2007 veriti
555 1961 600 2007 ne
621 1938 829 2007 voluminum
848 1938 953 2006 moles
975 1937 1066 2006 ultra
1082 1961 1168 2006 mo--

92 2051 163 2122 dum
177 2048 411 2140 excresceret,
434 2068 539 2147 quum
554 2048 689 2122 veroin
709 2054 793 2123 locis
805 2055 1042 2124 commentarii
1059 2076 1158 2148 piene

90 2170 372 2239 omnibushorum
384 2170 587 2262 scriptorum
598 2171 782 2239 auctoritas
790 2186 957 2264 perpetuo
965 2172 1156 2255 invocetur,

87 2284 179 2354 etad
198 2285 259 2353 illu
282 2287 476 2355 remittatur
493 2284 624 2370 lector,
647 2309 689 2352 ex
705 2286 831 2378 quibus
851 2287 1050 2380 ampliorem
1069 2286 1158 2353 hau·

83 2403 149 2470 riat
162 2401 445 2495 intelligentiam,
467 2426 536 2469 uon
554 2401 629 2470 fieri
644 2416 778 2496 poterut
795 2404 879 2495 quin
893 2404 975 2471 hic'
966 2424 1159 2470 insereren-

83 2535 173 2588 tur:
163 2519 391 2613 .paucissimi
416 2520 511 2587 enim
529 2519 686 2588 lectores
678 2528 814 2630 totam·
804 2516 870 2587 ·'J.
879 2502 1008 2633 lipsii
1004 2540 1158 2631 operum

80 2632 342 2713 collectionem,
359 2632 457 2724 eujus
483 2656 564 2725 pars
587 2646 688 2699 sunt
678 2614 942 2733 compartire
932 2648 971 2723 et
993 2624 1165 2727 perpetuo-

78 2745 282 2841 perrolvere
296 2747 572 2839 nutpourissent,
587 2761 645 2814 aut
658 2736 863 2848 voluissem
854 2747 1044 2839 atamen,
1059 2762 1099 2814 ut
1111 2760 1162 2815 to·

79 2870 128 2937 mi
144 2868 250 2961 hujus
264 2867 389 2935 molem
405 2892 507 2960 quam
522 2868 661 2935 minime
676 2884 898 2967 ungeremup,
916 2869 1067 2961 {liminio
1079 2870 1163 2936 omi·

78 2991 189 3059 simus
200 2990 396 3083 ospitaquae
406 2987 450 3057 ud
460 3004 611 3056 nostrum
625 2964 841 3082 propositum·
850 2976 961 3056 millius
976 2989 1162 3057 iaciebant..

79 3111 243 3203 Denique
268 3109 448 3178 clarissimi
467 3110 534 3177 viri
554 3108 600 3177 D.
618 3108 763 3179 Diderot
776 3110 1004 3179 testimonium
1019 3108 1159 3203 etjudi-

115 3323 124 3354 ¹
141 3319 239 3373 true:
253 3318 310 3372 hee
328 3317 382 3373 duo
399 3317 496 3392 stripitu·
510 3318 611 3392 Lipsius
620 3317 722 3373 tertium
733 3336 841 3391 ,nempe
855 3319 889 3371 de
899 3315 1046 3373 Stoioorum
1058 3320 1163 3375 Ethieis

82 3421 198 3477 pangere
209 3401 390 3465 constituerat,
400 3401 431 3455 tle
445 3421 497 3472 quo
512 3400 547 3453 sie
560 3402 610 3475 ipse
620 3400 647 3454 in
657 3402 852 3467 Introductione
859 3405 959 3455 lectoris
967 3423 1043 3473 quam
1057 3425 1104 3457 suo
1114 3405 1161 3457 Se-

80 3502 155 3538 ιιεω
164 3482 326 3556 μεωίιὶιια
311 3481 444 3535 «Profudi
453 3481 578 3553 quidquid
589 3503 651 3555 opus
660 3495 712 3536 eret
719 3483 761 3552 (ad
772 3481 952 3556 philosophica
962 3482 1141 3552 illustranda)
1134 3505 1161 3536 ιιι

82 3565 166 3619 tribus
180 3564 413 3631 Muuduuuomt,
422 3565 531 3617 totidem
545 3562 817 3638 Physiologioelibris·
831 3566 936 3619 totidem
945 3565 1097 3620 Etlicurum
1107 3586 1162 3619 res·

81 3662 151 3717 tant,
161 3670 184 3703 st
175 3650 267 3704 Deus
279 3650 390 3724 expolire
400 3664 428 3703 et
438 3669 614 3704 consummato
630 3651 729 3704 tabit»
716 3654 821 3721 ”Quos
832 3651 910 3705 libros
921 3672 952 3704 ue
965 3664 1161 3720 consummaret,

79 3754 144 3786 sane
155 3753 224 3786 mors
231 3734 343 3799 obstitit3
355 3733 449 3786 nullibi
461 3734 530 3787 enim
543 3734 570 3786 in
577 3735 656 3809 Lipsii
667 3756 773 3811 operum
783 3735 940 3789 collectione
951 3749 1096 3789 occurrunt.
1105 3738 1167 3790 Nec·

76 3817 140 3870 nris
151 3819 239 3890 lugere
249 3817 442 3890 pumuntur
454 3829 548 3869 utauto
560 3818 759 3890 viropsriectos,
767 3831 810 3871 aut
823 3818 921 3886 saltem,
939 3830 996 3870 utut
1006 3824 1089 3886 erant,
1103 3819 1159 3872 edi-

81 3920 123 3960 tos
138 3924 195 3959 nus
203 3904 287 3957 fobu.
306 3903 415 3956 illorum
424 3915 511 3955 tamen
521 3903 609 3956 vicem-
618 3903 769 3978 explebunt,
790 3914 914 3974 qnatenus
930 3901 987 3956 fieri
997 3917 1090 3976 potest,
1105 3917 1161 3957 tum

82 3993 168 4047 uultu
178 3990 227 4044 elia
236 3992 267 4043 de
278 3989 423 4043 Stoicorum
435 3989 527 4042 morali
539 3990 664 4059 doctrina,
677 4002 730 4043 tum
738 3990 877 4064 presertim
883 3990 998 4045 Buddoei
1005 3992 1164 4044 introductio

81 4078 112 4125 in
126 4071 324 4142 philosophiam
339 4073 449 4123 stoicum
462 4072 473 4136 (
481 4069 590 4144 lipsius,
605 4075 700 4144 ηις),
717 4082 741 4123 et
755 4070 936 4125 Teidemonnii
952 4083 1065 4142 systema
1077 4080 1172 4124 ποι-α’

81 4157 155 4225 plu'i·
166 4144 332 4219 (Geminius
339 4153 439 4228 script,
449 4153 518 4228 lips.
533 4154 611 4227 1776)
620 4193 628 4222 ,
638 4152 775 4228 sepissime
786 4153 813 4207 in
827 4153 920 4208 uostris
931 4154 997 4207 notis
1010 4153 1122 4206 citatum.
