2640 4822
583 352 663 437 DE

125 616 379 761 VITA
435 613 565 758 ET
615 613 1136 767 SCRIPTIS.

200 959 203 963 ’
286 947 358 1071 L„
381 942 620 1054 ANNAEI
657 944 967 1053 SENECAE.

520 1438 685 1506 CAPUT
705 1441 731 1504 I.

411 1597 458 1659 De
473 1599 593 1682 patrib,
614 1608 642 1658 et
654 1588 829 1680 parentibus]

118 1733 273 1827 Vironum
285 1764 450 1828 illustrium
465 1766 559 1827 vitam
576 1768 732 1849 prodere,
751 1780 837 1829 vetus
857 1768 1025 1831 institutum
1045 1782 1091 1832 ent
1108 1792 1115 1830 :
1134 1784 1165 1832 et

120 1880 217 1940 quorum
228 1868 369 1951 ingenia,
386 1866 516 1950 scripta,
533 1879 585 1928 ant
597 1866 676 1929 lacta
692 1867 858 1946 miramur,
876 1871 960 1952 juvet
974 1870 1032 1931 alia
1049 1890 1161 1948 nosse,
1202 1916 1205 1925 -

120 1986 167 2045 φῦ
178 1974 369 2036 adhaeserunt.
379 1971 431 2035 De
445 1969 563 2035 Seneca
576 1972 685 2056 igitur,
699 1985 848 2054 quatenus
861 1987 981 2057 potest,
1000 1977 1099 2038 dicam
1114 2001 1120 2036 :
1135 1993 1165 2039 et

120 2073 229 2166 colligam
243 2101 280 2143 ac
294 2080 472 2163 disponam,
491 2099 528 2140 ex
541 2078 611 2161 ipso
625 2092 656 2140 et
668 2079 761 2140 variis
779 2079 996 2163 scriptoribus,
1012 2083 1093 2162 qnod
1106 2082 1167 2145 huc

73 2178 75 2251 ῗ
120 2175 175 2244 heir
188 2184 321 2248 Patriam
336 2185 365 2247 ei
379 2182 557 2249 Cordubam
570 2184 662 2247 luisse
676 2197 809 2261 constat,
828 2198 965 2249 veterem
983 2186 1166 2251 florentem-

120 2304 160 2364 que
171 2290 197 2353 iu
208 2290 357 2376 Hispania
371 2290 484 2354 Baetica
498 2288 652 2355 coloniam
668 2313 676 2348 t
695 2304 784 2373 atque
799 2294 876 2354 adeo
892 2293 923 2354 in
938 2292 976 2354 iis
990 2296 1164 2379 regionibus

122 2393 231 2472 prinam.
247 2397 362 2461 Strabo
375 2411 480 2481 aperte
503 2421 511 2456 :
531 2423 546 2451 α
570 2394 741 2458 Plurimum
764 2399 844 2460 inter
867 2397 1025 2482 Hispaniae
1045 2400 1166 2465 Baeticae

121 2498 185 2566 ubet
204 2503 350 2569 Corduba
370 2517 457 2567 aucta
475 2517 521 2565 eet
537 2548 546 2580 ,
562 2503 705 2566 Marcelli
727 2524 804 2587 opus
829 2503 928 2588 gloria
949 2519 979 2568 et
1004 2509 1164 2591 potentia:

73 2636 78 2663 r
123 2601 222 2691 'lemque
232 2609 384 2673 Gaditana
398 2610 481 2672 urbo.
490 2607 568 2672 Haec
576 2609 700 2690 quidem
711 2610 753 2672 ob
765 2611 992 2693 navigationes,
1007 2626 1038 2674 et
1046 2612 1167 2675 Roma-

123 2728 202 2780 torum
214 2718 390 2789 societates,
408 2716 462 2778 illa
482 2736 576 2793 vero,
598 2716 640 2778 ob
655 2717 788 2800 regionis
806 2717 992 2794 bonitatem,
1010 2734 1041 2782 et
1054 2721 1166 2804 ampli-

73 2898 75 2905 Ι
124 2815 242 2897 mrem,
257 2818 337 2881 Baeti
350 2818 442 2880 etiam
454 2816 548 2879 fluvio
561 2816 692 2878 multum
703 2816 765 2880 huc
778 2817 964 2882 conferente.
975 2847 990 2875 u
1002 2819 1089 2900 (Lib.
1096 2821 1169 2901 ΙΙΙ.)

73 2908 76 2965 Ᾰ
125 2910 266 3002 laiodat,et
277 2925 510 2987 simulveterem
519 2923 650 2985 ostendit
663 2921 825 2986 «Marcelli
836 2924 1026 3008 opus.»(Lib
1036 2925 1170 3008 XLlll.)

73 3050 75 3101 ;
126 3016 210 3105 injus?
224 3031 381 3115 praetoris,
396 3050 436 3092 an
451 3028 603 3093 consulit?
618 3048 691 3090 nam
705 3043 820 3112 praetor
840 3027 1024 3113 Hispaniam
1039 3033 1171 3096 obtinuit

73 3112 75 3129 Ι
128 3123 157 3191 ll·
168 3133 343 3211 blancollus,
362 3158 399 3224 ex
417 3132 531 3212 Livio,
549 3154 629 3196 anno
650 3133 735 3196 urbis
754 3152 908 3213 nnxxxv,
927 3139 982 3200 etoi
998 3139 1031 3200 in
1048 3156 1171 3223 parcet

128 3237 179 3319 otio,
192 3259 223 3307 ut
241 3246 376 3316 videtur3
401 3264 499 3325 eoque
515 3242 612 3326 magis
626 3241 791 3319 inclinem,
807 3243 960 3305 coloniam
975 3246 1015 3307 ab
1032 3246 1092 3310 hoc
1113 3251 1171 3311 de-

128 3340 230 3426 lutum,
247 3350 376 3412 sortasse
391 3361 422 3410 et
437 3348 583 3432 oppidum
600 3359 722 3411 auctum
736 3361 947 3430 ornatumque.
957 3349 1067 3433 Neque
1085 3354 1169 3416 enim

73 3432 76 3509 i
128 3467 207 3519 itum
229 3459 321 3542 plane
346 3457 516 3530 conditum,
540 3453 704 3516 vel-Silius
725 3455 857 3530 dixerit,
877 3457 930 3536 qui
951 3458 1014 3539 jam
1030 3471 1169 3543 tempore

73 3562 75 3637 Ξ
127 3552 252 3626 bnnibnlis
273 3560 452 3626 Cordubam
473 3560 650 3622 nominavit.
665 3559 715 3621 Ad
732 3560 820 3622 illum
834 3561 925 3644 igitur
939 3565 1052 3648 magis,
1076 3586 1169 3646 quam

125 3666 314 3734 adcumulem
340 3668 525 3730 Marcellum
545 3666 723 3743 retulerim,
747 3666 798 3748 qui
822 3688 902 3730 anno
928 3685 980 3730 net
1009 3669 1167 3754 Hispaniae

124 3778 230 3856 omitit,
242 3781 298 3841 sed
307 3777 432 3839 citerani
439 3819 448 3848 ,
458 3787 492 3836 ut
504 3786 550 3836 est
564 3774 597 3835 in
605 3770 751 3855 Epitome
762 3818 771 3849 ,
782 3787 812 3834 et
821 3795 857 3835 ex
867 3774 1010 3859 Appiano
1022 3778 1146 3862 colligas
1160 3802 1168 3838 ε

120 3892 187 3964 itque
202 3887 242 3949 ibi
263 3908 296 3947 re
318 3882 448 3946 feliciter
468 3894 568 3965 gesta,
590 3879 787 3962 triumphavit
810 3884 848 3943 dc
869 3880 1043 3946 Celtiberis.
1064 3884 1170 3967 ltaque

118 3984 175 4051 ulit
197 3993 225 4054 ei
239 4006 311 4053 tunc
332 3989 388 4050 fnit
407 3980 626 4060 cnm'Baetica,
654 3999 706 4047 out
725 3983 870 4049 Corduba
892 4002 1021 4068 nostra,
1045 4013 1111 4073 quae
1127 4007 1173 4055 est

114 4091 292 4181 iullirpania
312 4094 469 4157 ulteriore.
487 4092 581 4154 Addit
596 4113 691 4176 porro
707 4092 837 4174 amplius
850 4091 961 4157 Strabo
981 4090 994 4155 :'
1004 4125 1019 4151 «
1038 4096 1171 4161 Habita-

111 4217 167 4266 runt
180 4203 257 4267 banc
276 4199 455 4266 Cordubam
472 4197 513 4262 ab
527 4198 612 4260 initio
633 4197 737 4260 selecti
752 4195 990 4289 Romanorum,
1010 4217 1041 4265 et
1053 4204 1173 4288 indige·
1195 4192 1198 4199 ’

224 4311 246 4362 Ι.
1031 4310 1049 4360 b
