2640 4822
497 172 803 249 ruarmo.
1131 181 1189 265 xsj

113 314 251 366 strenue
261 297 360 364 telam
375 317 442 387 quo
455 294 595 362 consilio
609 319 745 364 exorsus
760 322 853 366 eram
867 296 1024 363 detexere
1036 299 1186 387 perrexi,

112 434 233 505 quum,
247 410 316 480 hoc
333 411 505 479 volumine
522 425 651 477 tantum
667 427 815 480 nontoto
832 411 999 493 conlecto,
1014 432 1106 492 ecce,
1124 433 1189 478 nec

114 529 264 620 opinato,
280 529 388 596 literae
404 527 620 608 aLibrariae,
643 551 745 617 quam
755 527 854 595 modo
872 552 948 596 cum
965 527 1066 593 laude
1084 529 1188 594 meri-

115 644 242 711 tissima
266 643 467 724 nominari,
489 640 655 735 praelectis
677 643 930 735 honestissimis,
946 644 1184 724 mitterentur,
1228 706 1231 710 .

116 758 178 826 sibi
197 759 353 851 adeoque
378 756 461 825 mihi
489 758 690 826 nunciantes
712 784 908 828 concessum
927 761 994 840 iri,
1015 759 1081 826 nisi
1094 759 1188 827 aliud

116 874 317 959 suaderem,
345 874 536 943 libertatem
560 873 789 967 plenissimam
812 878 876 945 ista
894 874 1044 944 subsidia
1063 900 1083 943 a
1106 878 1189 946 Viro

115 991 391 1083 praesmntissimo
406 1012 534 1057 summo
550 989 666 1058 labore
684 1007 719 1058 et
732 993 872 1085 egregia
888 1016 969 1060 cura
983 991 1125 1059 collecta
1140 994 1187 1063 its

116 1106 153 1173 in
163 1129 262 1174 usum
277 1121 429 1173 nostrum
445 1104 687 1188 convertendi,
709 1121 747 1173 ut
761 1109 911 1175 omnium
928 1130 1004 1199 quae
1022 1107 1187 1177 hactenus

119 1240 205 1313 sepe
218 1221 501 1312 nuncupavissem
514 1235 667 1288 votorum
688 1244 825 1314 compos
841 1220 972 1289 fierem.
989 1222 1068 1324 Quo
1084 1247 1190 1316 quan·

117 1359 220 1436 toque
235 1342 360 1439 gaudio
377 1362 448 1411 tum
463 1343 621 1437 perfusus
635 1344 721 1426 sim,
740 1359 823 1436 quot
837 1359 1047 1437 quantasque
1063 1348 1189 1439 gratias

120 1475 189 1530 tum
205 1461 263 1530 his
279 1462 449 1555 prefectis
463 1461 707 1529 honestissimis
724 1462 877 1553 egerim,
905 1459 1020 1529 dicere
1039 1461 1126 1529 nihil
1139 1478 1191 1531 at-

123 1578 217 1647 tinet.
248 1577 345 1670 Quid
369 1577 474 1647 multa
494 1579 510 1645 i
527 1577 683 1646 Praefccti
704 1578 870 1647 Librariae
892 1576 1188 1648 Weidmanuianre

128 1708 275 1762 emerunt
304 1693 363 1762 illa
392 1690 543 1761 subsidia
566 1693 720 1785 mihique
746 1690 1009 1776 submiserunt,
1042 1720 1189 1787 quorum

133 1805 313 1878 uberiorem
340 1805 603 1901 descriptionem
627 1807 799 1875 Volumini
829 1825 921 1877 sexto
951 1824 987 1877 ct
1008 1812 1040 1878 ei
1070 1811 1189 1879 ultimo

136 1925 270 2019 Operum
286 1928 425 2000 senecae
434 1927 631 2022 Philosophi
648 1927 833 2011 destinavi,
847 1929 1015 2021 adjunctis
1028 1946 1098 1998 tum
1111 1956 1189 2001 cor-

143 2041 274 2135 rigendis
289 2061 325 2114 et
345 2042 590 2126 emendandis,
609 2059 682 2111 tum
699 2041 881 2112 indicibus.

67 2142 69 2151 Ι
182 2161 278 2231 »Sed
293 2185 341 2245 ne·
366 2160 403 2229 in
428 2159 488 2228 illo
508 2156 649 2252 quidem
669 2159 828 2226 theseum
851 2159 1017 2228 sumtibus
1041 2163 1110 2229 suis
1131 2187 1190 2233 ac-

148 2274 289 2360 quirendo
317 2299 427 2369 operae
450 2292 485 2342 et
506 2273 618 2344 studio
646 2298 707 2342 suo
737 2275 773 2343 in
800 2277 936 2344 Senecae
961 2300 1036 2369 quae
1065 2297 1193 2349 restant

150 2408 228 2480 opera
243 2392 480 2489 philosophica
500 2391 636 2460 modum
656 2392 733 2459 lieri
749 2390 857 2460 voluit
871 2393 1035 2463 Librariae
1048 2397 1193 2487 praetec·

152 2517 215 2578 lta.
226 2512 358 2580 Etenim
370 2533 475 2602 quum
489 2534 508 2577 e
519 2508 629 2577 literis
638 2508 783 2577 Fessleri
795 2509 830 2578 S.
840 2511 883 2577 V.
896 2511 1087 2579 rescivisset
1097 2561 1107 2594 ,
1117 2513 1192 2605 ejus

151 2621 247 2692 auios
258 2627 428 2694 Romanos
441 2638 477 2691 et
487 2623 702 2690 Florentinos
716 2620 752 2688 id
767 2622 880 2716 operis
894 2623 1024 2715 imponi
1037 2624 1103 2692 sibi
1117 2651 1193 2719 pas·

152 2751 287 2826 messe,
303 2740 499 2822 honorarii,
516 2737 608 2830 quod
623 2754 765 2818 vocant,
781 2753 878 2830 parte
893 2736 986 2807 haud
1000 2742 1193 2833 spernenda

149 2845 371 2950 inaccepta,
387 2871 425 2924 ut
444 2853 543 2924 codd.
565 2878 644 2922 mss.
666 2855 754 2946 Opp.
775 2855 935 2936 Seuecae,
956 2856 1016 2947 qui
1030 2857 1144 2925 Romae
1159 2875 1193 2924 et

151 2957 307 3041 Florentiae
324 2987 560 3059 asserventur,
580 2985 737 3038 accurate
760 2969 1006 3038 contendendis
1029 2972 1066 3038 in
1084 2976 1193 3039 meri-

151 3093 238 3156 torum
263 3089 309 3157 de
329 3091 467 3159 Senecae
492 3088 584 3181 Opp.
607 3085 818 3155 emendatius
836 3086 977 3155 edendis
999 3090 1191 3157 societatem

148 3206 302 3289 venirent,
318 3229 464 3299 quorum
478 3205 585 3286 alter,
598 3200 954 3284 AbbasSontolonius,
970 3204 1099 3272 collatis
1111 3230 1193 3273 non·

142 3319 228 3390 nullis
249 3320 350 3391 codd.
382 3345 461 3389 mss.
490 3320 648 3414 epistolas
671 3321 808 3387 Senecae
834 3319 1134 3412 complectentibus
1158 3339 1192 3391 et

88 3486 93 3495 .
138 3437 275 3506 custodia
288 3436 505 3506 Bibliothecae
520 3438 690 3505 vaticana·
698 3435 849 3527 deposita
863 3437 1037 3526 Romaque
1052 3436 1189 3523 relicta,

67 3628 69 3637 ,
133 3554 321 3624 fasciculum
340 3555 535 3622 Lectionum
554 3555 692 3621 istarum
712 3552 913 3619 variantium
930 3553 1038 3618 amico
1059 3553 1191 3622 cuidam

127 3671 275 3738 Romano
289 3668 517 3748 commiserit,
536 3665 645 3747 alter,
665 3664 867 3743 Bendidium,
887 3662 1104 3731 Bibliothecae
1117 3666 1193 3734 Flo·

125 3787 270 3856 rentinae
288 3798 401 3853 custos
424 3783 686 3863 meritissimus,
709 3779 830 3848 relicto
851 3779 1067 3849 hauddubie
1091 3785 1192 3851 etiam

124 3899 285 3972 fasciculo
292 3899 490 3967 Lectionum
503 3896 705 3969 variantium
718 3919 738 3962 e
751 3892 850 3962 codd.
867 3918 945 3962 mss.
958 3895 1046 3988 Opp.
1055 3899 1191 3965 Seuecoe
