2640 4822
121 389 223 473 xxxvj
270 379 339 451 DE
359 378 489 448 VITA
505 376 574 445 ET
590 377 699 445 SCR.
719 383 759 447 L.
777 381 819 447 A.
839 374 1072 452 SENECAE.

114 544 196 595 tstur
207 524 254 588 Vl
264 523 337 589 Nst.
350 520 464 604 anss.
478 564 487 597 ,
500 538 567 604 csp.
583 519 613 595 4.
628 518 701 582 Non
711 520 862 583 desideres
872 567 881 599 ,
892 522 963 603 qnia
972 523 1115 584 eamdem
1129 541 1200 597 mag

121 637 249 711 teriam,
272 633 304 695 in
326 631 434 693 iisdem
452 624 695 710 Qmstiunibns,
714 629 895 692 retractavit.

158 741 212 805 Iltt
235 751 455 801 sttumsmnto.
477 733 622 797 Fueritne
643 733 739 810 liber,
761 754 800 796 an
822 735 970 818 epistula,
988 734 1092 798 nescio
1114 758 1123 795 ι
1147 736 1199 797 sed

119 850 192 913 citst
206 845 414 931 Hieronymus
433 844 501 907 adv.
519 840 673 905 Jovinisu.
696 839 750 903 lib.
767 838 794 902 1.

160 952 343 1029 litsuuntt,
359 962 410 1014 sut
428 949 664 1033 compendium
683 968 718 1010 ex
732 944 882 1011 Lactantii
894 945 976 1023 vll,
998 966 1066 1029 cap.
1083 947 1133 1008 15.

158 1060 211 1125 ll!
227 1073 477 1121 sttetss'rt'rtnttu
492 1056 592 1131 liber,
608 1055 690 1117 bsnd
706 1054 797 1117 dubie
810 1054 890 1116 inter
904 1054 1064 1136 sapientes.
1080 1049 1199 1115 Laudas

117 1181 148 1231 et
173 1164 307 1249 excerpit
332 1165 467 1246 quiedam
490 1161 694 1246 Augustinus,
715 1159 779 1222 Vll
805 1157 856 1222 De
880 1156 971 1224 Cirit.
1001 1157 1147 1222 Meminit
1168 1171 1200 1222 et

117 1270 324 1337 Tertullianus
345 1271 375 1332 in
398 1268 609 1354 Apologetico.

161 1376 324 1446 lltsuuuts
347 1396 422 1457 quos
443 1373 557 1437 Fabius
574 1374 731 1452 nominat,
749 1394 807 1436 nec
823 1373 912 1436 ultra.

157 1480 342 1551 Monsntuss
357 1478 438 1542 libri.
451 1477 626 1543 Lactantius
640 1480 711 1543 citat
723 1478 776 1541 lib.
792 1477 843 1555 11,
857 1499 923 1562 cap.
939 1494 965 1538 11
976 1523 986 1556 ,
998 1491 1087 1560 atque
1098 1479 1196 1556 alibi,

117 1603 148 1655 et
165 1590 294 1675 ipsemet
308 1600 411 1649 noster
430 1582 529 1669 Epist.
550 1601 624 1655 cvm
648 1586 753 1659 initio,
772 1599 803 1648 et
819 1585 904 1670 epist.
925 1592 989 1647 cun
1012 1583 1142 1668 Scripsit
1166 1586 1199 1647 in

117 1708 254 1761 estremo
264 1739 274 1773 ,
286 1704 319 1755 ut
332 1691 375 1753 ibi
390 1703 518 1775 apparet
532 1713 540 1749 s
554 1711 573 1751 o
586 1690 702 1774 insigne
721 1712 797 1774 opus
811 1694 818 1753 !
837 1706 868 1754 et
882 1692 972 1775 lugeo
986 1691 1197 1774 interceptum.

158 1800 445 1865 Exuunnsutonutt
459 1796 540 1858 libri.
560 1794 667 1859 Plures
677 1798 757 1859 enim
772 1798 893 1861 luerunt
905 1819 945 1875 ,e
961 1794 1119 1861 Lactantio
1134 1845 1143 1875 ,
1167 1812 1200 1861 et

115 1906 300 1991 Fragmenta
331 1915 435 1966 nostra
463 1903 542 1963 vide.
572 1899 642 1963 Hoc
669 1902 768 1985 ipsum
795 1904 862 1984 quis
884 1924 946 1966 non
970 1905 1049 1965 inter
1072 1904 1199 1988 egregia

116 2034 246 2100 operum
261 2008 396 2074 censebit
409 2007 642 2091 reponendum?
666 2005 743 2070 Sunt
763 2008 844 2080 alia,
863 2012 917 2072 sed
936 2031 1002 2091 qum
1021 2010 1139 2072 incerto
1156 2012 1198 2072 ad

116 2120 196 2184 lsuuc
213 2117 329 2180 reseras
356 2139 363 2175 :
386 2128 419 2177 ut
436 2112 588 2176 Nutarum
612 2113 729 2191 libros,
753 2116 805 2196 qui
828 2117 923 2201 patris
946 2117 1044 2200 magis
1062 2114 1198 2179 luerunt.

118 2223 196 2290 ltem
215 2220 266 2286 De
286 2219 406 2286 Causis.
428 2219 476 2281 lta
496 2220 578 2280 enim
602 2219 732 2303 scriptor
753 2220 958 2283 innominatus
978 2219 1095 2284 Rerum
1122 2221 1198 2285 Bri-

117 2330 228 2396 tannias
250 2353 257 2390 ι
279 2356 295 2383 «ι
312 2325 429 2390 Seneca
448 2327 485 2387 de
503 2323 612 2389 Causis
632 2341 874 2411 commemorat,
897 2325 1047 2391 Catonem
1064 2331 1198 2393 oratoris

119 2437 255 2502 officium
274 2413 467 2497 definientem
481 2432 610 2507 dixisse,
625 2428 741 2494 Orator
760 2447 807 2495 est
824 2434 872 2496 vir
890 2435 989 2498 bonus
1006 2435 1122 2499 dicendi
1135 2459 1196 2522 pe-

120 2546 204 2610 ritus.
224 2570 239 2599 o
263 2540 324 2604 Sed
350 2538 377 2600 is
396 2558 514 2619 quoque
528 2550 647 2620 patrem
668 2549 804 2620 spectat,
824 2555 855 2602 et
876 2555 946 2604 sunt
963 2540 1195 2607 Controversia·

122 2672 191 2714 rum
216 2647 287 2711 iibri
314 2645 373 2705 :in
400 2665 531 2724 quorum
552 2643 673 2726 primo,
693 2641 872 2708 Praelatione
887 2648 973 2731 ipsa,
995 2648 1055 2711 hoe
1068 2645 1195 2713 Catonis

121 2753 256 2840 reperies
268 2751 311 2813 ibi
327 2750 461 2814 citatrnn.
478 2746 512 2810 si
529 2747 600 2830 quid
616 2769 667 2809 me
685 2749 778 2812 etiam
791 2750 883 2835 fugit,
898 2755 930 2815 in
943 2752 1134 2839 Fragmentis
1147 2778 1196 2820 re-

120 2862 222 2947 peries
242 2883 249 2919 ε
267 2857 324 2921 etsi
340 2856 464 2918 minora
481 2874 544 2916 non
560 2867 623 2915 tam
639 2854 804 2939 effugiunt,
823 2879 914 2939 quam
925 2861 1025 2944 patior
1039 2862 1120 2925 elabi
1133 2875 1153 2923 ¹.

163 2964 225 3028 Sed
248 2963 343 3038 heus,
362 2958 538 3021 Ensroms
553 2960 591 3020 ad
604 2958 719 3022 Dirum
733 2959 862 3025 Paulmn
879 2985 941 3026 non
961 2968 1193 3032 memoramus?

121 3070 196 3155 Quae
209 3089 289 3131 nnnc
305 3079 394 3144 sunt,
410 3085 474 3126 non
488 3078 556 3126 sunt
567 3065 643 3126 tanti
659 3065 744 3126 :imo
765 3081 881 3131 certum
905 3084 951 3132 est
968 3074 1103 3154 ejusdem
1123 3093 1195 3138 auo-

120 3178 217 3255 toris,
237 3188 268 3237 et
281 3172 369 3236 Pauli
391 3185 422 3233 et
446 3169 590 3244 Senecae,
615 3171 683 3232 illas
700 3193 785 3248 esse,
810 3188 840 3236 et
861 3180 1045 3260 compositas
1066 3200 1085 3242 a
1104 3183 1195 3245 semi·

122 3286 212 3346 dorso
223 3281 256 3344 in
265 3278 432 3341 ludibrium
442 3289 590 3339 nostrum.
604 3274 717 3339 Tentat
727 3274 834 3342 Latine
844 3280 927 3363 loqui
942 3284 1075 3366 quisquis
1089 3301 1195 3351 auctor

119 3391 186 3452 snit.
202 3386 287 3470 Ergo
300 3387 380 3447 iuter
395 3405 428 3445 se
443 3402 505 3443 non
526 3382 731 3465 scripserunt?
746 3383 951 3473 Hieronymus
964 3394 1027 3470 (de
1041 3394 1197 3477 scriptori-

123 3498 179 3560 bus
203 3492 358 3569 Eccles.)‚
378 3488 563 3573 Augustinus
578 3486 698 3572 (Epist
722 3506 796 3567 unt,
821 3495 860 3555 ad
883 3492 1003 3559 Maced.
1028 3511 1057 3559 et
1077 3497 1124 3560 vl
1142 3497 1195 3564 De

121 3599 335 3674 civitem)
354 3621 361 3669 ;
385 3609 473 3676 atque
494 3595 586 3656 etism
606 3596 757 3678 antiquior
781 3611 909 3680 utroque
930 3598 1024 3664 Linus
1054 3601 1194 3670 Pontifex

120 3706 192 3789 (De
205 3705 350 3769 Passione
362 3701 423 3763 divi
433 3699 562 3777 Pauli),
575 3714 730 3779 asserunt,
746 3717 776 3764 et
792 3707 911 3787 passiva
922 3709 1025 3791 opinio
1038 3708 1112 3772 olim
1125 3711 1193 3775 fuit.

120 3811 219 3893 litque
235 3812 311 3873 adeo
324 3807 379 3869 Jo.
402 3804 633 3868 sarisberiensis
645 3804 733 3890 (Lib.
750 3807 1017 3900 Vlll.2Polycrat,
1032 3836 1098 3900 cap.
1124 3819 1195 3900 13.)

153 4031 162 4061 ¹
174 4029 213 4081 Ex
224 4025 361 4080 novissime
373 4026 476 4098 repertis
489 4027 592 4081 seneca
607 4028 768 4098 fragmentis,
785 4049 842 4101 quse
860 4031 892 4084 ed
908 4033 1007 4088 Nostra
1020 4034 1079 4087 edit.
1095 4035 1191 4091 calcem

118 4118 241 4193 reperies,
254 4117 374 4170 discimus
386 4137 401 4170 s
417 4118 510 4171 Nostro
522 4117 641 4191 scriptum
656 4139 757 4189 quoque
766 4118 859 4173 librum
869 4126 902 4177 de
918 4128 972 4178 msa
982 4130 1090 4193 patria·
1100 4139 1125 4180 et
1135 4127 1190 4181 dis·

118 4209 273 4284 putstinnem
289 4211 321 4262 de
331 4212 467 4273 nms'cs‘tr‘o,
482 4227 538 4279 quse
551 4210 654 4262 sortasse
665 4209 803 4265 Moralium
814 4211 936 4269 librorum
948 4237 1003 4289 pers
1015 4217 1072 4274 luit.
