2640 4822
338 111 840 182 1..ANNAE15ENECAE.
1069 121 1124 203 xxj

45 255 234 321 (iurantem
254 274 316 315 nou
334 255 467 337 optimus
489 274 598 326 senex,
616 254 669 336 qui
692 253 770 316 alios
787 254 915 317 ducebat
932 269 962 317 et
979 255 1124 333 docebat,

49 383 121 425 suos
136 363 169 422 iu
184 361 244 424 tos
262 360 312 422 ria
328 360 493 443 dirigeret?
511 357 613 434 Fecit,
638 374 669 422 et
688 362 763 422 duos
775 360 896 444 egregie
915 361 1044 423 disertos
1056 361 1127 423 reli-

50 468 129 550 quit,
146 466 327 529 Gallionem
338 479 368 529 et
382 478 521 527 nostrum
540 488 547 525 ε
568 486 641 527 nam
654 468 691 527 de
714 465 800 528 Mela
817 465 877 528 tale
895 465 971 526 nihil
985 466 1056 549 legi.
1071 465 1127 529 llle

52 591 98 638 est
112 575 243 653 Gallio,
265 595 357 656 quem
376 595 394 635 a
416 573 562 636 suavitate
580 572 692 656 eloquii
706 571 821 636 Statius
835 575 1028 638 commendat
1043 599 1050 633 :

219 706 277 759 ldae
287 704 360 779 plus,
372 723 449 776 quam
462 704 585 757 Senecam
597 701 695 757 dedisse
705 702 794 770 terris,

219 797 253 849 Et
264 795 366 850 dulcem
377 814 511 869 generasse
522 794 679 847 Gallionem.

53 910 188 975 Sonante
199 925 231 974 et
239 912 386 974 tinniente
396 913 529 993 quadam
545 910 714 992 eloquentia
724 909 816 973 luisse
829 956 838 988 ,
851 925 957 973 auctor
967 911 1062 974 libelli
1078 911 1128 975 De

53 1017 161 1081 (ansis
172 1030 324 1101 corruptae
335 1016 514 1098 eloquentiae
532 1016 683 1085 ostendite
696 1016 747 1101 qui
758 1031 996 1090 commemorat,
1009 1021 1129 1078 annius

56 1125 197 1186 Gollr'ons's
210 1147 221 1182 τ
234 1123 260 1185 si
280 1136 384 1185 tamen
402 1123 511 1206 hujus,
531 1141 594 1183 non
611 1123 715 1206 patris.
734 1122 776 1183 At
795 1135 920 1199 noster,
935 1136 1046 1205 praeter
1059 1123 1128 1185 elo-

54 1232 223 1312 quentiam,
243 1229 445 1314 philosophiae
462 1249 575 1314 magno
592 1229 708 1313 impetu
726 1251 760 1292 se
773 1229 876 1307 dedit,
892 1243 922 1291 et
934 1229 1041 1291 Virtus
1062 1230 1129 1293 ele-

56 1337 264 1419 gantissimum
289 1336 442 1419 ingenium
464 1335 583 1419 rapuit,
610 1336 667 1397 etsi
686 1349 773 1419 patre
794 1336 951 1398 renitente.
976 1334 1045 1418 lpse
1065 1357 1127 1397 uon

59 1443 149 1506 murel
162 1442 309 1518 ostendit,
327 1461 469 1503 aversum
486 1460 591 1504 euma
610 1439 803 1525 philosophia
820 1440 932 1517 luisse,
954 1461 1081 1504 uxorem
1099 1455 1130 1503 et

62 1569 91 1610 se
102 1550 247 1612 avertisse
261 1572 269 1609 ι
284 1549 348 1611 imo
363 1548 482 1625 odisse,
500 1548 606 1632 palam
624 1548 698 1611 alibi
715 1549 828 1612 scribit.
843 1547 946 1610 Ardor
956 1552 1058 1610 taineu
1075 1548 1129 1609 filii

62 1655 146 1734 vicit,
168 1670 200 1718 et
220 1656 352 1741 insigues
371 1655 520 1719 asserios
539 1657 603 1739 ejus
620 1656 677 1718 aevi
696 1655 896 1739 philosophos
911 1657 1047 1718 assiduus
1071 1677 1129 1717 au·
1148 1658 1152 1665 ’

61 1763 129 1825 divit
143 1788 150 1824 :
163 1764 363 1840 nominatim,
376 1760 514 1824 Attalum
525 1760 678 1838 Stoicum,
690 1759 848 1824 Sotionem
867 1763 1002 1843 ejusdem
1016 1777 1104 1826 sectae
1118 1809 1126 1840 ,

68 1871 115 1930 etsi
127 1869 374 1957 Pythagorissare
393 1869 485 1932 etiarn
503 1868 603 1946 visus,
623 1869 755 1953 itemque
769 1867 925 1953 Papirium
936 1867 1127 1932 Fabianum:

72 1997 135 2055 qtsos
153 1991 184 2040 et
208 1976 346 2039 nominat
363 1975 549 2052 identidem,
565 1996 602 2038 ac
617 1988 702 2058 grata
715 1977 865 2038 memoria
883 1977 994 2038 laudat.
1010 1975 1131 2041 Sotioni

79 2083 179 2160 quidem
191 2105 271 2168 puer
282 2083 375 2144 etiam
385 2102 513 2166 operatu
523 2081 606 2144 dedit
616 2126 625 2159 ,
641 2081 804 2164 scribitque
818 2105 826 2140 t
845 2111 860 2137 ιι
875 2080 972 2145 Modo
984 2087 1064 2167 apud
1074 2083 1131 2147 So

80 2186 172 2251 tionem
185 2211 267 2274 puer
280 2189 356 2252 sedi.
367 2216 383 2242 »
396 2186 519 2271 (Epist.
532 2188 641 2265 xttx.)
657 2185 719 2250 Sed
735 2201 765 2251 et
774 2186 968 2250 Demetrium
982 2187 1132 2275 Cynicum

82 2296 223 2360 amincus
241 2310 303 2371 est,
326 2309 356 2359 et
374 2296 492 2360 coluit:
511 2316 591 2380 saepe
610 2313 681 2359 euru
701 2317 738 2358 eo
760 2296 834 2358 item
855 2297 999 2380 grandior
1018 2311 1048 2360 et
1067 2299 1131 2381 jam

83 2396 202 2481 insula,
225 2405 309 2467 domi
329 2403 463 2486 forisque
482 2408 626 2466 versabas.
641 2401 725 2464 Nam
743 2418 773 2465 et
790 2403 822 2464 in
833 2404 882 2466 ria
904 2407 1132 2488 acperegriua*

83 2504 145 2573 tione
161 2511 303 2575 hahebat.
325 2509 385 2573 Iste
399 2513 437 2573 ad
456 2510 583 2572 honesta
603 2509 757 2593 impetus:
775 2511 830 2571 sed
844 2522 931 2593 pater
951 2524 1054 2573 tamen
1068 2511 1134 2573 sre-

84 2612 127 2694 gl,
140 2633 167 2683 et
178 2619 249 2682 soro
266 2639 304 2683 ac
322 2618 420 2683 causis
440 2617 563 2679 iuterim
578 2616 769 2700 manciparit.
781 2616 877 2696 (Vide
892 2613 1024 2700 Epistol.
1037 2629 1133 2694 xerx.)

85 2715 149 2800 Qus
165 2729 217 2789 diu
233 2727 373 2789 actitasse
395 2747 466 2788 eum
482 2737 632 2809 apparet,
655 2738 686 2786 et
704 2721 773 2787 Caii
798 2724 890 2786 etiam
919 2725 1134 2808 temporibus,

86 2843 170 2916 mgna
193 2833 306 2916 eloquii
325 2832 423 2917 gratia
446 2843 477 2894 et
494 2831 587 2893 sama.
610 2826 691 2891 Saue
711 2829 822 2913 scripta
838 2829 901 2892 ulla
920 2826 1135 2918 Philosopbica

34 2972 40 2987 ι
87 2950 135 3002 tate
150 2941 180 3003 id
199 2941 258 3004 aeri
271 2961 333 3003 uon
353 2951 478 3002 exstant.
757 2936 764 2945 '

469 3122 637 3190 CAPUT
657 3124 719 3188 tv.

327 3262 330 3266 ’
406 3253 553 3331 Honores,
568 3263 596 3312 et
608 3253 699 3314 ciuilis
714 3253 784 3315 nito.

110 3411 205 3495 Atque
228 3413 312 3474 idem
325 3424 412 3494 pater
432 3411 527 3472 latum
547 3410 668 3474 clavum
690 3432 810 3474 sumere
832 3412 924 3473 etiarn
945 3412 1058 3487 suasit,
1081 3411 1137 3472 boa

78 3538 178 3580 norum
199 3516 401 3580 candidatum.
424 3515 530 3599 Itaque
549 3532 730 3599 quaesturam
752 3519 853 3601 primo
883 3518 996 3601 gessit,
1025 3517 1057 3579 iu
1080 3537 1139 3598 qua

74 3627 257 3710 adipiscenda
279 3624 456 3708 suffragium
477 3638 722 3690 materteraesuoe
738 3627 882 3709 Quaerit.
901 3651 915 3678 α
934 3624 1009 3702 llla,
1025 3625 1138 3705 inquit,

73 3754 124 3815 pro
145 3745 297 3814 quaestura
324 3752 394 3794 mea
420 3732 550 3816 gratiam
576 3753 662 3795 suam
687 3732 840 3809 extendit,
867 3745 905 3794 et·
924 3754 991 3813 quse
1011 3753 1050 3793 ue
1074 3752 1142 3791 ser-

71 3840 167 3902 monis
177 3839 301 3921 quidem
314 3882 323 3915 ,
336 3852 388 3901 aut
406 3838 496 3902 clarae
511 3838 718 3915 salutationis,
732 3839 870 3902 sustinuit
890 3840 1067 3914 audaciam,
1084 3857 1141 3920 pro

69 3967 119 4012 rue
129 3947 394 4030 nesueugenia
413 3948 635 4012 veremudum
650 3976 665 4002 n
678 3945 826 4027 (Consul.
839 3951 878 4013 ad
893 3946 984 4010 Helv.
999 3969 1066 4030 cap.
1084 3948 1144 4029 ιγ.)
