<?xml version="1.0" encoding="UTF-8"?>
<!DOCTYPE html PUBLIC "-//W3C//DTD XHTML 1.0 Transitional//EN"
    "http://www.w3.org/TR/xhtml1/DTD/xhtml1-transitional.dtd">
<html xmlns="http://www.w3.org/1999/xhtml" xml:lang="en" lang="en">
 <head>
  <title>
</title>
<meta http-equiv="Content-Type" content="text/html;charset=utf-8" />
  <meta name='ocr-system' content='tesseract 3.04.00' />
  <meta name='ocr-capabilities' content='ocr_page ocr_carea ocr_par ocr_line ocrx_word'/>
</head>
<body>
  <div class='ocr_page' id='page_1' title='image "bibliothecaclas16lemagoog_0023.png"; bbox 0 0 2640 4822; ppageno 0'>
   <div class='ocr_carea' id='block_1_1' title="bbox 115 325 1236 3340">
    <p class='ocr_par' dir='ltr' id='par_1_1' title="bbox 126 325 887 401">
     <span class='ocr_line' id='line_1_1' title="bbox 126 325 887 401; baseline 0.013 -16"><span class='ocrx_word' id='word_1_1' title='bbox 126 334 181 401; x_wconf 63' lang='lat' dir='ltr'>xiv</span> <span class='ocrx_word' id='word_1_2' title='bbox 454 325 721 395; x_wconf 81' lang='lat' dir='ltr'><strong>EDITORIS</strong></span> <span class='ocrx_word' id='word_1_3' title='bbox 748 326 887 397; x_wconf 83' lang='lat' dir='ltr'>NOVI</span> 
     </span>
    </p>

    <p class='ocr_par' dir='ltr' id='par_1_2' title="bbox 119 446 1201 1475">
     <span class='ocr_line' id='line_1_2' title="bbox 125 446 1200 544; baseline 0.011 -25"><span class='ocrx_word' id='word_1_4' title='bbox 125 461 380 540; x_wconf 76' lang='lat' dir='ltr'>excerptorum,</span> <span class='ocrx_word' id='word_1_5' title='bbox 397 446 433 511; x_wconf 93' lang='lat' dir='ltr'>in</span> <span class='ocrx_word' id='word_1_6' title='bbox 447 446 534 513; x_wconf 77' lang='lat' dir='ltr'>vivis</span> <span class='ocrx_word' id='word_1_7' title='bbox 546 470 619 513; x_wconf 87' lang='lat' dir='ltr'>esse</span> <span class='ocrx_word' id='word_1_8' title='bbox 634 446 774 515; x_wconf 91' lang='lat' dir='ltr'>desierit</span> <span class='ocrx_word' id='word_1_9' title='bbox 789 477 799 534; x_wconf 79' lang='lat'>3</span> <span class='ocrx_word' id='word_1_10' title='bbox 817 466 993 544; x_wconf 81' lang='lat' dir='ltr'><strong>tantopere</strong></span> <span class='ocrx_word' id='word_1_11' title='bbox 1011 478 1132 533; x_wconf 77' lang='lat' dir='ltr'>amore</span> <span class='ocrx_word' id='word_1_12' title='bbox 1143 469 1200 537; x_wconf 68' lang='lat' dir='ltr'>Se·</span> 
     </span>
     <span class='ocr_line' id='line_1_3' title="bbox 123 560 1201 673; baseline 0.002 -40"><span class='ocrx_word' id='word_1_13' title='bbox 123 586 217 633; x_wconf 80' lang='lat' dir='ltr'>necae</span> <span class='ocrx_word' id='word_1_14' title='bbox 236 560 448 631; x_wconf 80' lang='lat' dir='ltr'><strong>emendatius</strong></span> <span class='ocrx_word' id='word_1_15' title='bbox 473 561 652 651; x_wconf 90' lang='lat' dir='ltr'>promendi</span> <span class='ocrx_word' id='word_1_16' title='bbox 673 560 817 652; x_wconf 89' lang='lat' dir='ltr'>ideoque</span> <span class='ocrx_word' id='word_1_17' title='bbox 843 588 919 631; x_wconf 91' lang='lat' dir='ltr'>cum</span> <span class='ocrx_word' id='word_1_18' title='bbox 941 567 1067 641; x_wconf 91' lang='lat' dir='ltr'>horum</span> <span class='ocrx_word' id='word_1_19' title='bbox 1093 580 1201 673; x_wconf 55' lang='lat' dir='ltr'>subd.</span> 
     </span>
     <span class='ocr_line' id='line_1_4' title="bbox 121 676 1199 772; baseline 0.017 -23"><span class='ocrx_word' id='word_1_20' title='bbox 121 680 266 764; x_wconf 91' lang='lat' dir='ltr'>diorum‚</span> <span class='ocrx_word' id='word_1_21' title='bbox 277 694 349 747; x_wconf 90' lang='lat' dir='ltr'>tum</span> <span class='ocrx_word' id='word_1_22' title='bbox 363 678 391 744; x_wconf 93' lang='lat' dir='ltr'>si</span> <span class='ocrx_word' id='word_1_23' title='bbox 403 701 479 768; x_wconf 80' lang='lat' dir='ltr'>quae</span> <span class='ocrx_word' id='word_1_24' title='bbox 492 677 574 744; x_wconf 91' lang='lat' dir='ltr'>alibi</span> <span class='ocrx_word' id='word_1_25' title='bbox 589 676 800 762; x_wconf 75' lang='lat' dir='ltr'>delitescant,</span> <span class='ocrx_word' id='word_1_26' title='bbox 811 688 1129 772; x_wconf 78' lang='lat' dir='ltr'>recuperandorum</span> <span class='ocrx_word' id='word_1_27' title='bbox 1139 697 1199 767; x_wconf 86' lang='lat' dir='ltr'>lla-</span> 
     </span>
     <span class='ocr_line' id='line_1_5' title="bbox 124 791 1197 903; baseline 0.015 -41"><span class='ocrx_word' id='word_1_28' title='bbox 124 812 219 891; x_wconf 77' lang='lat' dir='ltr'>grat,</span> <span class='ocrx_word' id='word_1_29' title='bbox 234 811 272 863; x_wconf 94' lang='lat' dir='ltr'>ut</span> <span class='ocrx_word' id='word_1_30' title='bbox 285 793 376 863; x_wconf 90' lang='lat' dir='ltr'>omni</span> <span class='ocrx_word' id='word_1_31' title='bbox 390 791 476 859; x_wconf 91' lang='lat' dir='ltr'>inid</span> <span class='ocrx_word' id='word_1_32' title='bbox 491 816 594 884; x_wconf 88' lang='lat' dir='ltr'>opera</span> <span class='ocrx_word' id='word_1_33' title='bbox 608 793 753 860; x_wconf 86' lang='lat' dir='ltr'>insumta</span> <span class='ocrx_word' id='word_1_34' title='bbox 767 819 871 886; x_wconf 91' lang='lat' dir='ltr'>quum</span> <span class='ocrx_word' id='word_1_35' title='bbox 886 801 1030 872; x_wconf 86' lang='lat' dir='ltr'>maxime</span> <span class='ocrx_word' id='word_1_36' title='bbox 1042 806 1082 873; x_wconf 87' lang='lat' dir='ltr'>id</span> <span class='ocrx_word' id='word_1_37' title='bbox 1094 829 1197 903; x_wconf 80' lang='lat' dir='ltr'>agat,</span> 
     </span>
     <span class='ocr_line' id='line_1_6' title="bbox 123 905 1198 1008; baseline 0.013 -28"><span class='ocrx_word' id='word_1_38' title='bbox 123 928 162 981; x_wconf 90' lang='lat' dir='ltr'>ut</span> <span class='ocrx_word' id='word_1_39' title='bbox 176 927 328 978; x_wconf 86' lang='lat' dir='ltr'>votorum</span> <span class='ocrx_word' id='word_1_40' title='bbox 348 922 540 975; x_wconf 89' lang='lat' dir='ltr'>nostrorum</span> <span class='ocrx_word' id='word_1_41' title='bbox 560 905 772 976; x_wconf 83' lang='lat' dir='ltr'>damnemur.</span> <span class='ocrx_word' id='word_1_42' title='bbox 793 909 961 996; x_wconf 82' lang='lat' dir='ltr'>Accedit,</span> <span class='ocrx_word' id='word_1_43' title='bbox 984 922 1079 1008; x_wconf 90' lang='lat' dir='ltr'>quod</span> <span class='ocrx_word' id='word_1_44' title='bbox 1099 929 1198 1005; x_wconf 81' lang='lat' dir='ltr'>etism</span> 
     </span>
     <span class='ocr_line' id='line_1_7' title="bbox 123 1022 1197 1126; baseline 0.017 -34"><span class='ocrx_word' id='word_1_45' title='bbox 123 1027 276 1126; x_wconf 79' lang='lat' dir='ltr'>Heynius</span> <span class='ocrx_word' id='word_1_46' title='bbox 296 1026 337 1099; x_wconf 72' lang='lat' dir='ltr'>V,</span> <span class='ocrx_word' id='word_1_47' title='bbox 359 1022 437 1104; x_wconf 86' lang='lat' dir='ltr'>Ill,</span> <span class='ocrx_word' id='word_1_48' title='bbox 467 1045 568 1113; x_wconf 91' lang='lat' dir='ltr'>quem</span> <span class='ocrx_word' id='word_1_49' title='bbox 595 1040 836 1117; x_wconf 70' lang='lat' dir='ltr'>preceptorem</span> <span class='ocrx_word' id='word_1_50' title='bbox 855 1028 937 1095; x_wconf 88' lang='lat' dir='ltr'>oliin</span> <span class='ocrx_word' id='word_1_51' title='bbox 956 1056 1071 1105; x_wconf 90' lang='lat' dir='ltr'>meum</span> <span class='ocrx_word' id='word_1_52' title='bbox 1093 1041 1197 1121; x_wconf 81' lang='lat' dir='ltr'>dilac-</span> 
     </span>
     <span class='ocr_line' id='line_1_8' title="bbox 123 1135 1195 1230; baseline 0.017 -24"><span class='ocrx_word' id='word_1_53' title='bbox 123 1141 286 1208; x_wconf 90' lang='lat' dir='ltr'>tissimum</span> <span class='ocrx_word' id='word_1_54' title='bbox 314 1137 464 1230; x_wconf 86' lang='lat' dir='ltr'>parentis</span> <span class='ocrx_word' id='word_1_55' title='bbox 490 1135 564 1205; x_wconf 85' lang='lat' dir='ltr'>loco</span> <span class='ocrx_word' id='word_1_56' title='bbox 590 1138 753 1205; x_wconf 72' lang='lat' dir='ltr'>carissimi</span> <span class='ocrx_word' id='word_1_57' title='bbox 781 1164 949 1226; x_wconf 86' lang='lat' dir='ltr'>veneror,</span> <span class='ocrx_word' id='word_1_58' title='bbox 971 1146 1083 1220; x_wconf 90' lang='lat' dir='ltr'>literis</span> <span class='ocrx_word' id='word_1_59' title='bbox 1105 1180 1127 1223; x_wconf 84' lang='lat' dir='ltr'>a</span> <span class='ocrx_word' id='word_1_60' title='bbox 1145 1183 1195 1227; x_wconf 91' lang='lat' dir='ltr'>ms</span> 
     </span>
     <span class='ocr_line' id='line_1_9' title="bbox 120 1254 1195 1352; baseline 0.012 -28"><span class='ocrx_word' id='word_1_61' title='bbox 120 1257 362 1351; x_wconf 84' lang='lat' dir='ltr'>compellatus,</span> <span class='ocrx_word' id='word_1_62' title='bbox 384 1254 532 1322; x_wconf 89' lang='lat' dir='ltr'>studium</span> <span class='ocrx_word' id='word_1_63' title='bbox 556 1270 591 1321; x_wconf 91' lang='lat' dir='ltr'>et</span> <span class='ocrx_word' id='word_1_64' title='bbox 615 1278 751 1347; x_wconf 86' lang='lat' dir='ltr'>operam</span> <span class='ocrx_word' id='word_1_65' title='bbox 781 1257 927 1352; x_wconf 91' lang='lat' dir='ltr'>inceptis</span> <span class='ocrx_word' id='word_1_66' title='bbox 951 1264 1047 1335; x_wconf 88' lang='lat' dir='ltr'>bisce</span> <span class='ocrx_word' id='word_1_67' title='bbox 1073 1278 1195 1346; x_wconf 67' lang='lat' dir='ltr'>nostris</span> 
     </span>
     <span class='ocr_line' id='line_1_10' title="bbox 119 1376 825 1475; baseline -0.001 -27"><span class='ocrx_word' id='word_1_68' title='bbox 119 1378 360 1475; x_wconf 83' lang='lat' dir='ltr'>promovendis</span> <span class='ocrx_word' id='word_1_69' title='bbox 375 1379 575 1471; x_wconf 86' lang='lat' dir='ltr'>promittere</span> <span class='ocrx_word' id='word_1_70' title='bbox 592 1376 753 1470; x_wconf 77' lang='lat' dir='ltr'>dignatus</span> <span class='ocrx_word' id='word_1_71' title='bbox 770 1382 825 1448; x_wconf 90' lang='lat' dir='ltr'>sit.</span> 
     </span>
    </p>

    <p class='ocr_par' dir='ltr' id='par_1_3' title="bbox 115 1494 1236 3340">
     <span class='ocr_line' id='line_1_11' title="bbox 172 1494 1201 1589; baseline 0.021 -28"><span class='ocrx_word' id='word_1_72' title='bbox 172 1499 252 1565; x_wconf 77' lang='lat' dir='ltr'>»Ita</span> <span class='ocrx_word' id='word_1_73' title='bbox 270 1496 372 1564; x_wconf 89' lang='lat' dir='ltr'>rebus</span> <span class='ocrx_word' id='word_1_74' title='bbox 387 1518 549 1589; x_wconf 76' lang='lat' dir='ltr'>prospere</span> <span class='ocrx_word' id='word_1_75' title='bbox 564 1510 599 1562; x_wconf 91' lang='lat' dir='ltr'>et</span> <span class='ocrx_word' id='word_1_76' title='bbox 614 1494 657 1562; x_wconf 90' lang='lat' dir='ltr'>ad</span> <span class='ocrx_word' id='word_1_77' title='bbox 669 1495 878 1566; x_wconf 84' lang='lat' dir='ltr'>voluntatem</span> <span class='ocrx_word' id='word_1_78' title='bbox 893 1518 1043 1574; x_wconf 80' lang='lat' dir='ltr'>nostram</span> <span class='ocrx_word' id='word_1_79' title='bbox 1060 1508 1201 1587; x_wconf 86' lang='lat' dir='ltr'>fluenti-</span> 
     </span>
     <span class='ocr_line' id='line_1_12' title="bbox 119 1610 1199 1712; baseline 0.014 -31"><span class='ocrx_word' id='word_1_80' title='bbox 119 1611 183 1681; x_wconf 92' lang='lat' dir='ltr'>bus</span> <span class='ocrx_word' id='word_1_81' title='bbox 203 1612 379 1705; x_wconf 86' lang='lat' dir='ltr'>inopinato</span> <span class='ocrx_word' id='word_1_82' title='bbox 395 1610 432 1677; x_wconf 92' lang='lat' dir='ltr'>in</span> <span class='ocrx_word' id='word_1_83' title='bbox 450 1632 544 1702; x_wconf 92' lang='lat' dir='ltr'>spem</span> <span class='ocrx_word' id='word_1_84' title='bbox 562 1626 756 1701; x_wconf 81' lang='lat' dir='ltr'>pergratam</span> <span class='ocrx_word' id='word_1_85' title='bbox 772 1610 938 1683; x_wconf 89' lang='lat' dir='ltr'>adductus</span> <span class='ocrx_word' id='word_1_86' title='bbox 952 1642 1027 1688; x_wconf 92' lang='lat' dir='ltr'>sum</span> <span class='ocrx_word' id='word_1_87' title='bbox 1043 1622 1141 1712; x_wconf 81' lang='lat' dir='ltr'>lore,</span> <span class='ocrx_word' id='word_1_88' title='bbox 1157 1646 1199 1701; x_wconf 89' lang='lat' dir='ltr'>ut</span> 
     </span>
     <span class='ocr_line' id='line_1_13' title="bbox 118 1722 1215 1817; baseline 0.019 -21"><span class='ocrx_word' id='word_1_89' title='bbox 118 1730 208 1797; x_wconf 92' lang='lat' dir='ltr'>banc</span> <span class='ocrx_word' id='word_1_90' title='bbox 221 1729 358 1796; x_wconf 79' lang='lat' dir='ltr'>Senecae</span> <span class='ocrx_word' id='word_1_91' title='bbox 375 1726 466 1817; x_wconf 87' lang='lat' dir='ltr'>Opp.</span> <span class='ocrx_word' id='word_1_92' title='bbox 487 1722 669 1791; x_wconf 86' lang='lat' dir='ltr'>editionem</span> <span class='ocrx_word' id='word_1_93' title='bbox 689 1726 783 1795; x_wconf 88' lang='lat' dir='ltr'>bisce</span> <span class='ocrx_word' id='word_1_94' title='bbox 795 1727 974 1801; x_wconf 79' lang='lat' dir='ltr'>decoribus</span> <span class='ocrx_word' id='word_1_95' title='bbox 992 1756 1152 1815; x_wconf 87' lang='lat' dir='ltr'>ornatam</span> <span class='ocrx_word' id='word_1_96' title='bbox 1164 1763 1215 1817; x_wconf 89' lang='lat' dir='ltr'>et</span> 
     </span>
     <span class='ocr_line' id='line_1_14' title="bbox 118 1841 1225 1937; baseline 0.009 -24"><span class='ocrx_word' id='word_1_97' title='bbox 118 1845 275 1937; x_wconf 89' lang='lat' dir='ltr'>squalore</span> <span class='ocrx_word' id='word_1_98' title='bbox 293 1843 352 1936; x_wconf 89' lang='lat' dir='ltr'>qui</span> <span class='ocrx_word' id='word_1_99' title='bbox 375 1866 394 1910; x_wconf 94' lang='lat' dir='ltr'>a</span> <span class='ocrx_word' id='word_1_100' title='bbox 414 1841 562 1908; x_wconf 87' lang='lat' dir='ltr'>librariis</span> <span class='ocrx_word' id='word_1_101' title='bbox 579 1843 729 1932; x_wconf 91' lang='lat' dir='ltr'>antiquis</span> <span class='ocrx_word' id='word_1_102' title='bbox 752 1843 888 1915; x_wconf 91' lang='lat' dir='ltr'>additus</span> <span class='ocrx_word' id='word_1_103' title='bbox 909 1866 984 1935; x_wconf 92' lang='lat' dir='ltr'>est,</span> <span class='ocrx_word' id='word_1_104' title='bbox 1013 1854 1225 1935; x_wconf 65' lang='lat' dir='ltr'>liberatam,</span> 
     </span>
     <span class='ocr_line' id='line_1_15' title="bbox 119 1957 1236 2053; baseline 0.017 -26"><span class='ocrx_word' id='word_1_105' title='bbox 119 1984 223 2053; x_wconf 88' lang='lat' dir='ltr'>opera</span> <span class='ocrx_word' id='word_1_106' title='bbox 236 1982 310 2027; x_wconf 90' lang='lat' dir='ltr'>mea</span> <span class='ocrx_word' id='word_1_107' title='bbox 324 1957 576 2049; x_wconf 86' lang='lat' dir='ltr'>qualicunque,</span> <span class='ocrx_word' id='word_1_108' title='bbox 594 1957 649 2023; x_wconf 89' lang='lat' dir='ltr'>isti</span> <span class='ocrx_word' id='word_1_109' title='bbox 669 1958 914 2031; x_wconf 77' lang='lat' dir='ltr'>emendationis</span> <span class='ocrx_word' id='word_1_110' title='bbox 929 1969 1030 2037; x_wconf 87' lang='lat' dir='ltr'>statui</span> <span class='ocrx_word' id='word_1_111' title='bbox 1047 1973 1236 2049; x_wconf 67' lang='lat' dir='ltr'>reddero</span> 
     </span>
     <span class='ocr_line' id='line_1_16' title="bbox 119 2073 1236 2168; baseline 0.018 -26"><span class='ocrx_word' id='word_1_112' title='bbox 119 2101 222 2148; x_wconf 82' lang='lat' dir='ltr'>coner</span> <span class='ocrx_word' id='word_1_113' title='bbox 237 2126 247 2160; x_wconf 90' lang='lat'>,</span> <span class='ocrx_word' id='word_1_114' title='bbox 265 2074 375 2166; x_wconf 90' lang='lat' dir='ltr'>qualis</span> <span class='ocrx_word' id='word_1_115' title='bbox 388 2087 421 2141; x_wconf 91' lang='lat' dir='ltr'>et</span> <span class='ocrx_word' id='word_1_116' title='bbox 435 2073 574 2167; x_wconf 79' lang='lat' dir='ltr'>egregio</span> <span class='ocrx_word' id='word_1_117' title='bbox 587 2073 709 2141; x_wconf 89' lang='lat' dir='ltr'>borum</span> <span class='ocrx_word' id='word_1_118' title='bbox 724 2076 876 2168; x_wconf 86' lang='lat' dir='ltr'>Operum</span> <span class='ocrx_word' id='word_1_119' title='bbox 889 2099 1046 2168; x_wconf 75' lang='lat' dir='ltr'>auctore,</span> <span class='ocrx_word' id='word_1_120' title='bbox 1064 2105 1102 2158; x_wconf 90' lang='lat' dir='ltr'>et</span> <span class='ocrx_word' id='word_1_121' title='bbox 1117 2090 1236 2165; x_wconf 71' lang='lat' dir='ltr'>lucu</span> 
     </span>
     <span class='ocr_line' id='line_1_17' title="bbox 119 2186 1196 2307; baseline 0.012 -46"><span class='ocrx_word' id='word_1_122' title='bbox 119 2209 306 2285; x_wconf 88' lang='lat' dir='ltr'>temporum</span> <span class='ocrx_word' id='word_1_123' title='bbox 321 2213 388 2281; x_wconf 91' lang='lat' dir='ltr'>qua</span> <span class='ocrx_word' id='word_1_124' title='bbox 401 2188 604 2281; x_wconf 78' lang='lat' dir='ltr'>gaudemus,</span> <span class='ocrx_word' id='word_1_125' title='bbox 621 2186 746 2282; x_wconf 76' lang='lat' dir='ltr'>dignus</span> <span class='ocrx_word' id='word_1_126' title='bbox 760 2193 814 2259; x_wconf 85' lang='lat' dir='ltr'>sit.</span> <span class='ocrx_word' id='word_1_127' title='bbox 830 2197 1045 2269; x_wconf 88' lang='lat' dir='ltr'>Praestitisset</span> <span class='ocrx_word' id='word_1_128' title='bbox 1058 2205 1196 2307; x_wconf 75' lang='lat' dir='ltr'>ioman,</span> 
     </span>
     <span class='ocr_line' id='line_1_18' title="bbox 118 2304 1236 2404; baseline 0.011 -27"><span class='ocrx_word' id='word_1_129' title='bbox 118 2307 162 2377; x_wconf 90' lang='lat' dir='ltr'>ab</span> <span class='ocrx_word' id='word_1_130' title='bbox 181 2307 278 2375; x_wconf 91' lang='lat' dir='ltr'>initio</span> <span class='ocrx_word' id='word_1_131' title='bbox 301 2329 412 2400; x_wconf 85' lang='lat' dir='ltr'>opcrae</span> <span class='ocrx_word' id='word_1_132' title='bbox 432 2328 515 2372; x_wconf 88' lang='lat' dir='ltr'>meae</span> <span class='ocrx_word' id='word_1_133' title='bbox 534 2304 589 2373; x_wconf 93' lang='lat' dir='ltr'>his</span> <span class='ocrx_word' id='word_1_134' title='bbox 606 2304 767 2375; x_wconf 90' lang='lat' dir='ltr'>subsidiis</span> <span class='ocrx_word' id='word_1_135' title='bbox 788 2310 988 2381; x_wconf 89' lang='lat' dir='ltr'>instructum</span> <span class='ocrx_word' id='word_1_136' title='bbox 1009 2340 1108 2404; x_wconf 89' lang='lat' dir='ltr'>esse,</span> <span class='ocrx_word' id='word_1_137' title='bbox 1133 2318 1236 2393; x_wconf 72' lang='lat' dir='ltr'>set·</span> 
     </span>
     <span class='ocr_line' id='line_1_19' title="bbox 117 2422 1236 2518; baseline 0.011 -25"><span class='ocrx_word' id='word_1_138' title='bbox 117 2449 223 2518; x_wconf 86' lang='lat' dir='ltr'>quum</span> <span class='ocrx_word' id='word_1_139' title='bbox 234 2448 274 2492; x_wconf 91' lang='lat' dir='ltr'>ea</span> <span class='ocrx_word' id='word_1_140' title='bbox 291 2424 366 2492; x_wconf 89' lang='lat' dir='ltr'>fieri</span> <span class='ocrx_word' id='word_1_141' title='bbox 382 2445 450 2490; x_wconf 93' lang='lat' dir='ltr'>non</span> <span class='ocrx_word' id='word_1_142' title='bbox 465 2422 661 2514; x_wconf 87' lang='lat' dir='ltr'>potuerint,</span> <span class='ocrx_word' id='word_1_143' title='bbox 681 2423 748 2492; x_wconf 91' lang='lat' dir='ltr'>boc</span> <span class='ocrx_word' id='word_1_144' title='bbox 761 2427 889 2495; x_wconf 91' lang='lat' dir='ltr'>Catone</span> <span class='ocrx_word' id='word_1_145' title='bbox 902 2447 1103 2503; x_wconf 87' lang='lat' dir='ltr'>contentum</span> <span class='ocrx_word' id='word_1_146' title='bbox 1119 2460 1236 2511; x_wconf 59' lang='lat' dir='ltr'>aasz</span> 
     </span>
     <span class='ocr_line' id='line_1_20' title="bbox 118 2536 1234 2637; baseline 0.013 -24"><span class='ocrx_word' id='word_1_147' title='bbox 118 2558 262 2637; x_wconf 87' lang='lat' dir='ltr'>oportet.</span> <span class='ocrx_word' id='word_1_148' title='bbox 287 2541 398 2610; x_wconf 89' lang='lat' dir='ltr'>Satius</span> <span class='ocrx_word' id='word_1_149' title='bbox 420 2536 564 2631; x_wconf 88' lang='lat' dir='ltr'>proinde</span> <span class='ocrx_word' id='word_1_150' title='bbox 581 2562 654 2606; x_wconf 89' lang='lat' dir='ltr'>esse</span> <span class='ocrx_word' id='word_1_151' title='bbox 678 2538 853 2627; x_wconf 86' lang='lat' dir='ltr'>duxerim,</span> <span class='ocrx_word' id='word_1_152' title='bbox 882 2563 921 2614; x_wconf 92' lang='lat' dir='ltr'>ut</span> <span class='ocrx_word' id='word_1_153' title='bbox 942 2572 1076 2619; x_wconf 85' lang='lat' dir='ltr'>omnem</span> <span class='ocrx_word' id='word_1_154' title='bbox 1100 2553 1234 2627; x_wconf 71' lang='lat' dir='ltr'>bant-5</span> 
     </span>
     <span class='ocr_line' id='line_1_21' title="bbox 117 2654 1206 2767; baseline -0.002 -39"><span class='ocrx_word' id='word_1_155' title='bbox 117 2659 361 2738; x_wconf 84' lang='lat' dir='ltr'>collectionem,</span> <span class='ocrx_word' id='word_1_156' title='bbox 379 2654 650 2748; x_wconf 82' lang='lat' dir='ltr'>cujusaugcndae</span> <span class='ocrx_word' id='word_1_157' title='bbox 668 2681 760 2750; x_wconf 89' lang='lat' dir='ltr'>spem</span> <span class='ocrx_word' id='word_1_158' title='bbox 778 2660 883 2748; x_wconf 87' lang='lat' dir='ltr'>foveo,</span> <span class='ocrx_word' id='word_1_159' title='bbox 896 2663 933 2732; x_wconf 93' lang='lat' dir='ltr'>in</span> <span class='ocrx_word' id='word_1_160' title='bbox 952 2682 1082 2767; x_wconf 86' lang='lat' dir='ltr'>sextum</span> <span class='ocrx_word' id='word_1_161' title='bbox 1094 2673 1206 2742; x_wconf 78' lang='lat' dir='ltr'>volu.</span> 
     </span>
     <span class='ocr_line' id='line_1_22' title="bbox 117 2774 1195 2867; baseline 0.012 -21"><span class='ocrx_word' id='word_1_162' title='bbox 117 2802 195 2846; x_wconf 89' lang='lat' dir='ltr'>men</span> <span class='ocrx_word' id='word_1_163' title='bbox 218 2775 420 2867; x_wconf 89' lang='lat' dir='ltr'>conjiciam,</span> <span class='ocrx_word' id='word_1_164' title='bbox 444 2774 490 2839; x_wconf 86' lang='lat' dir='ltr'>its</span> <span class='ocrx_word' id='word_1_165' title='bbox 511 2786 642 2855; x_wconf 65' lang='lat' dir='ltr'>umen,</span> <span class='ocrx_word' id='word_1_166' title='bbox 664 2790 703 2841; x_wconf 90' lang='lat' dir='ltr'>ut</span> <span class='ocrx_word' id='word_1_167' title='bbox 727 2776 897 2847; x_wconf 87' lang='lat' dir='ltr'>interdurn</span> <span class='ocrx_word' id='word_1_168' title='bbox 915 2781 952 2851; x_wconf 92' lang='lat' dir='ltr'>in</span> <span class='ocrx_word' id='word_1_169' title='bbox 967 2785 1195 2859; x_wconf 83' lang='lat' dir='ltr'>Naturalibus</span> 
     </span>
     <span class='ocr_line' id='line_1_23' title="bbox 115 2887 1189 2998; baseline 0.009 -36"><span class='ocrx_word' id='word_1_170' title='bbox 115 2895 250 2962; x_wconf 73' lang='lat' dir='ltr'>Senecae</span> <span class='ocrx_word' id='word_1_171' title='bbox 272 2887 526 2982; x_wconf 88' lang='lat' dir='ltr'>Quaestionibus</span> <span class='ocrx_word' id='word_1_172' title='bbox 542 2892 822 2981; x_wconf 80' lang='lat' dir='ltr'>recognoscendis</span> <span class='ocrx_word' id='word_1_173' title='bbox 845 2918 883 2964; x_wconf 88' lang='lat' dir='ltr'>ea</span> <span class='ocrx_word' id='word_1_174' title='bbox 906 2898 956 2964; x_wconf 90' lang='lat' dir='ltr'>uti</span> <span class='ocrx_word' id='word_1_175' title='bbox 975 2896 1077 2969; x_wconf 90' lang='lat' dir='ltr'>liccat</span> <span class='ocrx_word' id='word_1_176' title='bbox 1094 2928 1103 2970; x_wconf 75' lang='grc' dir='ltr'>ε</span> <span class='ocrx_word' id='word_1_177' title='bbox 1121 2930 1189 2998; x_wconf 86' lang='lat' dir='ltr'>qna</span> 
     </span>
     <span class='ocr_line' id='line_1_24' title="bbox 116 3005 1189 3102; baseline 0.009 -24"><span class='ocrx_word' id='word_1_178' title='bbox 116 3009 272 3078; x_wconf 90' lang='lat' dir='ltr'>libertate</span> <span class='ocrx_word' id='word_1_179' title='bbox 290 3008 391 3076; x_wconf 89' lang='lat' dir='ltr'>etiam</span> <span class='ocrx_word' id='word_1_180' title='bbox 412 3029 492 3073; x_wconf 91' lang='lat' dir='ltr'>usus</span> <span class='ocrx_word' id='word_1_181' title='bbox 509 3005 644 3072; x_wconf 87' lang='lat' dir='ltr'>fuissem</span> <span class='ocrx_word' id='word_1_182' title='bbox 663 3007 699 3074; x_wconf 92' lang='lat' dir='ltr'>in</span> <span class='ocrx_word' id='word_1_183' title='bbox 725 3008 1033 3102; x_wconf 79' lang='lat' dir='ltr'>Epigrammatibns</span> <span class='ocrx_word' id='word_1_184' title='bbox 1053 3018 1189 3091; x_wconf 72' lang='lat' dir='ltr'>Senecae</span> 
     </span>
     <span class='ocr_line' id='line_1_25' title="bbox 116 3119 1187 3210; baseline 0.01 -15"><span class='ocrx_word' id='word_1_185' title='bbox 116 3128 221 3196; x_wconf 89' lang='lat' dir='ltr'>tribui</span> <span class='ocrx_word' id='word_1_186' title='bbox 240 3126 346 3194; x_wconf 91' lang='lat' dir='ltr'>solitis</span> <span class='ocrx_word' id='word_1_187' title='bbox 362 3140 395 3193; x_wconf 90' lang='lat' dir='ltr'>et</span> <span class='ocrx_word' id='word_1_188' title='bbox 411 3125 447 3191; x_wconf 91' lang='lat' dir='ltr'>in</span> <span class='ocrx_word' id='word_1_189' title='bbox 463 3119 560 3189; x_wconf 90' lang='lat' dir='ltr'>Ludo</span> <span class='ocrx_word' id='word_1_190' title='bbox 575 3120 618 3189; x_wconf 93' lang='lat' dir='ltr'>de</span> <span class='ocrx_word' id='word_1_191' title='bbox 635 3139 741 3205; x_wconf 87' lang='lat' dir='ltr'>morte</span> <span class='ocrx_word' id='word_1_192' title='bbox 756 3124 910 3210; x_wconf 91' lang='lat' dir='ltr'>Claudii,</span> <span class='ocrx_word' id='word_1_193' title='bbox 930 3131 995 3197; x_wconf 89' lang='lat' dir='ltr'>nisi</span> <span class='ocrx_word' id='word_1_194' title='bbox 1018 3132 1187 3205; x_wconf 82' lang='lat' dir='ltr'>fasciculis</span> 
     </span>
     <span class='ocr_line' id='line_1_26' title="bbox 116 3237 1185 3340; baseline 0.011 -30"><span class='ocrx_word' id='word_1_195' title='bbox 116 3243 260 3311; x_wconf 88' lang='lat' dir='ltr'>Fessleri</span> <span class='ocrx_word' id='word_1_196' title='bbox 289 3242 469 3308; x_wconf 82' lang='lat' dir='ltr'>Lectiones</span> <span class='ocrx_word' id='word_1_197' title='bbox 500 3237 669 3308; x_wconf 79' lang='lat' dir='ltr'>variantes</span> <span class='ocrx_word' id='word_1_198' title='bbox 692 3239 736 3306; x_wconf 92' lang='lat' dir='ltr'>ad</span> <span class='ocrx_word' id='word_1_199' title='bbox 765 3240 826 3310; x_wconf 92' lang='lat' dir='ltr'>bos</span> <span class='ocrx_word' id='word_1_200' title='bbox 845 3242 976 3313; x_wconf 91' lang='lat' dir='ltr'>libellos</span> <span class='ocrx_word' id='word_1_201' title='bbox 996 3265 1185 3340; x_wconf 83' lang='lat' dir='ltr'>spectantes</span> 
     </span>
    </p>
   </div>
   <div class='ocr_carea' id='block_1_2' title="bbox 116 3359 1050 3517">
    <p class='ocr_par' dir='ltr' id='par_1_4' title="bbox 116 3359 1050 3517">
     <span class='ocr_line' id='line_1_27' title="bbox 116 3359 322 3427; baseline 0 -1"><span class='ocrx_word' id='word_1_202' title='bbox 116 3359 285 3427; x_wconf 88' lang='lat' dir='ltr'>deessent.</span> <span class='ocrx_word' id='word_1_203' title='bbox 307 3384 322 3419; x_wconf 76' lang='lat' dir='ltr'>s</span> 
     </span>
     <span class='ocr_line' id='line_1_28' title="bbox 721 3449 1050 3517; baseline 0.03 -17"><span class='ocrx_word' id='word_1_204' title='bbox 721 3452 731 3511; x_wconf 94' lang='lat'>(</span> <span class='ocrx_word' id='word_1_205' title='bbox 743 3449 873 3504; x_wconf 83' lang='lat' dir='ltr'>Scribebat</span> <span class='ocrx_word' id='word_1_206' title='bbox 882 3473 950 3507; x_wconf 80' lang='lat' dir='ltr'>anno</span> <span class='ocrx_word' id='word_1_207' title='bbox 963 3456 1050 3517; x_wconf 69' lang='lat' dir='ltr'>isos.)</span> 
     </span>
    </p>
   </div>
   <div class='ocr_carea' id='block_1_3' title="bbox 114 3597 1187 4171">
    <p class='ocr_par' dir='ltr' id='par_1_5' title="bbox 114 3597 1187 4171">
     <span class='ocr_line' id='line_1_29' title="bbox 163 3597 1185 3694; baseline 0.009 -22"><span class='ocrx_word' id='word_1_208' title='bbox 163 3608 262 3672; x_wconf 90' lang='lat' dir='ltr'>Nunc</span> <span class='ocrx_word' id='word_1_209' title='bbox 280 3599 323 3668; x_wconf 92' lang='lat' dir='ltr'>de</span> <span class='ocrx_word' id='word_1_210' title='bbox 345 3597 465 3667; x_wconf 90' lang='lat' dir='ltr'>ordine</span> <span class='ocrx_word' id='word_1_211' title='bbox 482 3621 582 3689; x_wconf 90' lang='lat' dir='ltr'>quem</span> <span class='ocrx_word' id='word_1_212' title='bbox 600 3599 636 3665; x_wconf 92' lang='lat' dir='ltr'>in</span> <span class='ocrx_word' id='word_1_213' title='bbox 657 3598 753 3667; x_wconf 89' lang='lat' dir='ltr'>libris</span> <span class='ocrx_word' id='word_1_214' title='bbox 767 3599 986 3694; x_wconf 89' lang='lat' dir='ltr'>disponendis</span> <span class='ocrx_word' id='word_1_215' title='bbox 1001 3630 1063 3675; x_wconf 87' lang='lat' dir='ltr'>nos</span> <span class='ocrx_word' id='word_1_216' title='bbox 1077 3614 1185 3681; x_wconf 82' lang='lat' dir='ltr'>secuti</span> 
     </span>
     <span class='ocr_line' id='line_1_30' title="bbox 114 3715 1186 3813; baseline 0.007 -23"><span class='ocrx_word' id='word_1_217' title='bbox 114 3746 240 3790; x_wconf 92' lang='lat' dir='ltr'>sumus.</span> <span class='ocrx_word' id='word_1_218' title='bbox 258 3720 414 3811; x_wconf 86' lang='lat' dir='ltr'>Quorum</span> <span class='ocrx_word' id='word_1_219' title='bbox 426 3715 603 3808; x_wconf 89' lang='lat' dir='ltr'>dispositio</span> <span class='ocrx_word' id='word_1_220' title='bbox 616 3739 720 3806; x_wconf 91' lang='lat' dir='ltr'>quum</span> <span class='ocrx_word' id='word_1_221' title='bbox 735 3716 805 3785; x_wconf 85' lang='lat' dir='ltr'>fere</span> <span class='ocrx_word' id='word_1_222' title='bbox 826 3719 861 3785; x_wconf 93' lang='lat' dir='ltr'>in</span> <span class='ocrx_word' id='word_1_223' title='bbox 881 3744 1016 3813; x_wconf 90' lang='lat' dir='ltr'>quaque</span> <span class='ocrx_word' id='word_1_224' title='bbox 1032 3721 1186 3799; x_wconf 85' lang='lat' dir='ltr'>editione</span> 
     </span>
     <span class='ocr_line' id='line_1_31' title="bbox 115 3832 1186 3934; baseline 0.005 -26"><span class='ocrx_word' id='word_1_225' title='bbox 115 3841 264 3909; x_wconf 81' lang='lat' dir='ltr'>varietur</span> <span class='ocrx_word' id='word_1_226' title='bbox 286 3835 355 3926; x_wconf 92' lang='lat' dir='ltr'>(nil</span> <span class='ocrx_word' id='word_1_227' title='bbox 377 3835 466 3902; x_wconf 92' lang='lat' dir='ltr'>enim</span> <span class='ocrx_word' id='word_1_228' title='bbox 482 3832 525 3899; x_wconf 95' lang='lat' dir='ltr'>de</span> <span class='ocrx_word' id='word_1_229' title='bbox 542 3847 638 3900; x_wconf 81' lang='lat' dir='ltr'>astate</span> <span class='ocrx_word' id='word_1_230' title='bbox 654 3857 721 3924; x_wconf 90' lang='lat' dir='ltr'>qua</span> <span class='ocrx_word' id='word_1_231' title='bbox 738 3833 895 3929; x_wconf 89' lang='lat' dir='ltr'>plerique</span> <span class='ocrx_word' id='word_1_232' title='bbox 910 3841 1092 3934; x_wconf 85' lang='lat' dir='ltr'>conscripti</span> <span class='ocrx_word' id='word_1_233' title='bbox 1102 3863 1186 3917; x_wconf 89' lang='lat' dir='ltr'>sunt</span> 
     </span>
     <span class='ocr_line' id='line_1_32' title="bbox 115 3949 1184 4048; baseline 0.004 -24"><span class='ocrx_word' id='word_1_234' title='bbox 115 3957 281 4044; x_wconf 87' lang='lat' dir='ltr'>constat),</span> <span class='ocrx_word' id='word_1_235' title='bbox 303 3977 365 4021; x_wconf 91' lang='lat' dir='ltr'>nos</span> <span class='ocrx_word' id='word_1_236' title='bbox 385 3950 441 4018; x_wconf 89' lang='lat' dir='ltr'>illa</span> <span class='ocrx_word' id='word_1_237' title='bbox 460 3949 721 4044; x_wconf 73' lang='lat' dir='ltr'>praecedentium</span> <span class='ocrx_word' id='word_1_238' title='bbox 748 3950 917 4024; x_wconf 89' lang='lat' dir='ltr'>editorum</span> <span class='ocrx_word' id='word_1_239' title='bbox 938 3956 1095 4028; x_wconf 88' lang='lat' dir='ltr'>libertate</span> <span class='ocrx_word' id='word_1_240' title='bbox 1112 3966 1184 4048; x_wconf 80' lang='lat' dir='ltr'>usi,</span> 
     </span>
     <span class='ocr_line' id='line_1_33' title="bbox 114 4068 1187 4171; baseline -0.005 -30"><span class='ocrx_word' id='word_1_241' title='bbox 114 4075 244 4165; x_wconf 89' lang='lat' dir='ltr'>aliquas</span> <span class='ocrx_word' id='word_1_242' title='bbox 264 4071 463 4139; x_wconf 88' lang='lat' dir='ltr'>mutationes</span> <span class='ocrx_word' id='word_1_243' title='bbox 481 4068 693 4136; x_wconf 84' lang='lat' dir='ltr'>tentavimus.</span> <span class='ocrx_word' id='word_1_244' title='bbox 714 4069 921 4162; x_wconf 89' lang='lat' dir='ltr'>Temporum</span> <span class='ocrx_word' id='word_1_245' title='bbox 936 4074 1077 4159; x_wconf 85' lang='lat' dir='ltr'>seriem,</span> <span class='ocrx_word' id='word_1_246' title='bbox 1100 4104 1187 4171; x_wconf 65' lang='lat' dir='ltr'>qua.</span> 
     </span>
    </p>
   </div>
   <div class='ocr_carea' id='block_1_4' title="bbox 0 0 1324 4822">
    <p class='ocr_par' dir='ltr' id='par_1_6' title="bbox 0 0 1324 4822">
     <span class='ocr_line' id='line_1_34' title="bbox 0 0 1324 4822; baseline 0 3"><span class='ocrx_word' id='word_1_247' title='bbox 0 0 1324 4822; x_wconf 95' lang='lat' dir='ltr'> </span> 
     </span>
    </p>
   </div>
  </div>
 </body>
</html>
