2640 4822
89 326 183 413 xxxij
345 319 415 389 DE
439 319 572 388 VITA
596 317 665 386 ET
689 318 940 391 SCRIPTIS

6 477 15 495 ‘
88 465 177 529 Nero
194 464 279 528 nullo
305 464 337 525 in
352 461 513 525 Paulinam
538 461 665 546 proprio
681 461 770 540 odio,
786 482 822 525 ac
841 483 881 525 ne
898 463 1040 547 glisceret
1058 466 1178 531 insidis

89 571 295 648 crudelitatis,
312 568 444 631 inhiberi
469 580 601 631 mortem
615 567 755 652 imperat.
778 565 980 633 Hortantibns
999 571 1176 651 militibus,

89 677 171 742 servi
187 676 349 757 libertique
372 674 509 757 obligant
527 673 672 753 brachia,
695 689 840 759 premunt
858 677 1055 761 sanguinem,
1074 679 1176 745 ineer-
1194 726 1196 731 .

88 799 155 848 tum
168 804 208 846 an
222 783 346 867 ignaros.
357 780 442 844 Nam
451 794 485 843 ut
499 795 545 843 est
558 781 664 864 vulgus
677 784 716 845 ad
731 782 883 845 deteriora
895 797 1095 869 promptum,
1108 808 1175 848 non

89 892 213 954 defuere
230 889 282 971 qui
292 889 471 966 crederent,
486 889 582 951 donec
592 887 818 972 implacabilem
833 888 994 953 Neronem
1011 891 1172 968 timuerit,

90 998 206 1061 umam
220 994 341 1058 sociatas
355 1013 427 1057 cum
439 994 550 1056 marito
566 994 674 1056 mortis
687 994 829 1078 petivisse
843 1020 851 1067 ς
869 996 977 1059 deinde
988 996 1094 1061 oblata
1107 999 1174 1061 mi*

87 1103 167 1166 tiore
180 1123 251 1185 spe,
267 1099 481 1163 blandimentis
499 1099 566 1163 vita
580 1099 709 1164 evictam
726 1124 734 1159 ε
751 1100 799 1164 cui
812 1102 928 1166 addidit
938 1125 1053 1188 paucos
1063 1119 1173 1188 postea

90 1228 186 1272 annos
210 1205 353 1270 lsndsbili
380 1205 411 1268 in
431 1206 575 1269 murittnu
591 1207 763 1282 memoria,
782 1221 814 1269 et
830 1229 885 1270 ore
906 1228 944 1272 sc
968 1209 1118 1273 menrbsis
1138 1212 1173 1273 in

90 1336 162 1380 eum
186 1314 339 1400 pellorem
362 1312 555 1387 albentibus,
581 1327 615 1376 ut
635 1314 764 1376 ostentui
791 1328 890 1393 esset,
912 1316 1042 1379 multmn
1070 1317 1176 1380 vitalis

91 1422 212 1509 spiritns
234 1435 381 1507 egestum.
401 1416 519 1484 Seneca
532 1419 655 1482 interim
667 1421 793 1483 duratus
805 1434 904 1485 undu
917 1467 926 1499 ,
943 1436 975 1485 et
991 1422 1174 1486 lentitudine

91 1530 217 1604 mortis,
243 1527 374 1592 Statium
397 1524 546 1590 Annseum
567 1526 620 1589 diu
634 1525 692 1588 sibi
710 1527 849 1591 amicitiae
866 1527 927 1592 lide
945 1542 978 1592 et
992 1543 1059 1592 arte
1073 1532 1175 1593 rnedi-

82 1636 166 1701 cinae
176 1635 341 1722 probatum
352 1681 361 1708 ,
374 1648 444 1697 orst
462 1634 619 1718 provisum
634 1632 754 1716 pridem
771 1655 923 1696 venenum
935 1680 945 1712 ,
960 1657 1022 1716 quo
1034 1637 1174 1700 hmnati

90 1744 213 1828 publico
230 1741 464 1804 Atheniensium
480 1739 592 1823 judicio
611 1739 889 1824 exstinguerentur,
913 1756 1073 1824 promeret
1095 1766 1103 1803 ε
1127 1744 1175 1806 sl-

90 1850 243 1932 lttumquc
275 1847 374 1910 hausit
386 1834 531 1920 *trusum
553 1844 669 1928 frigidis
688 1847 752 1927 jam
781 1845 905 1909 artubus
924 1861 956 1908 et
975 1846 1080 1909 clauso
1102 1869 1174 1911 cor-

89 1979 166 2041 pore
188 1959 349 2018 adversmn
376 1953 440 2014 vim
461 1952 592 2026 veneni3
615 1966 772 2036 postremo
796 1967 935 2037 stagnum
955 1953 1060 2017 ulida
1084 1975 1174 2036 aqme

89 2062 226 2136 introiit,
246 2079 428 2143 respergens
446 2057 603 2141 proximos
624 2078 782 2119 servorum
796 2103 805 2135 ,
820 2058 920 2120 addita
939 2079 1038 2134 voce,
1055 2055 1174 2124 libare

91 2187 124 2230 se
141 2167 295 2248 liquorem
312 2163 401 2226 illum
416 2162 493 2225 Jori
510 2162 678 2225 liberatori,
695 2161 776 2224 Exin
796 2162 907 2226 bslneo
927 2162 1049 2240 illams,
1069 2178 1100 2227 et
1119 2188 1175 2229 vs·

90 2295 168 2358 pore
182 2273 248 2355 ejus
273 2270 481 2344 exanimatus,
506 2266 571 2330 sine
589 2267 653 2329 ullo
672 2267 786 2330 luseris
806 2269 925 2331 solenni
940 2285 1105 2333 crematur.
1121 2271 1171 2335 lta

92 2376 240 2442 codicillis
249 2376 485 2458 praescripserat,
498 2393 592 2454 quum
604 2373 696 2435 etism
706 2386 771 2435 tuan
779 2374 928 2458 predives
937 2389 968 2437 et
980 2390 1167 2460 prepotens,

93 2482 244 2569 supremis
257 2480 440 2544 consuleret.
456 2507 472 2534 n

133 2590 210 2653 Haec
228 2587 353 2650 ‘l'acitus
375 2609 382 2647 ε
401 2608 499 2669 neque
511 2586 626 2670 pigebit
640 2586 776 2649 insistere
794 2586 923 2664 leviter,
936 2602 968 2650 ct
982 2590 1170 2667 examinare,

91 2677 332 2763 eut'illustrare.
357 2692 431 2769 Ait,
453 2692 647 2753 hsls‘ssimam
665 2695 791 2775 principi
808 2695 884 2754 lonc
902 2697 1018 2757 cadem.
1041 2696 1173 2761 Jamdiu

94 2805 178 2868 enim
193 2800 376 2886 gravabunt
393 2799 467 2861 boni
487 2797 620 2879 rectique
638 2797 719 2860 lumc
742 2799 922 2875 doctorem,
944 2815 976 2863 et
993 2804 1174 2867 reverent'uc

32 2887 63 2971 .’
91 2913 167 2974 illud
186 2911 312 2973 sraenurn
333 2910 438 2990 (quod
456 2907 505 2970 vel
527 2906 622 2967 invito
641 2905 831 2987 inhaerebat)
845 2909 940 2971 semel
959 2924 1100 2974 excutere
1115 2934 1173 2976 vo·

93 3018 173 3094 luit,
203 3038 240 3079 eo
268 3015 397 3077 sublato.
413 3014 533 3076 Tamen
557 3010 645 3073 aliter
666 3012 837 3094 juraverat,
866 3027 900 3075 ut
919 3011 1081 3079 Suetonius
1097 3039 1174 3100 pro-

91 3126 166 3188 didit
183 3146 190 3181 :
210 3120 408 3196 «Senecam,
431 3119 548 3200 inquit,
572 3130 791 3201 preceptorem
812 3123 851 3183 ad
871 3142 980 3184 necem
1000 3123 1170 3206 compulit,

91 3228 229 3313 quumvis
259 3247 337 3310 soepc
369 3237 574 3288 commeatum
595 3224 730 3307 petenti,
756 3225 904 3308 bonisque
927 3229 1067 3306 cedenti,
1098 3252 1173 3312 per.

91 3350 193 3409 sancte
217 3337 369 3417 jurasset,
390 3344 562 3415 suspectum
579 3352 611 3393 se
632 3330 766 3408 fnestra,
792 3332 1018 3415 periturumque
1042 3336 1170 3418 potius,

91 3466 183 3528 quam
203 3441 376 3504 nociturum
395 3438 434 3500 ei.
448 3465 463 3491 »
478 3437 622 3509 Juravit,
640 3437 732 3500 idest
741 3437 828 3500 Deos
843 3461 962 3522 quoquc
976 3442 1079 3504 illusit.
1092 3442 1147 3505 Ait
1160 3490 1170 3521 ,

92 3552 214 3637 Quando
228 3569 369 3609 vencnum
382 3567 438 3605 non
457 3555 642 3625 processerat.
653 3543 838 3605 Tentaverat
854 3546 956 3618 enim,
979 3548 1067 3609 etita
1086 3548 1173 3612 idern

91 3657 214 3720 Tacitus
236 3672 327 3734 supra
354 3652 487 3730 (codem
512 3648 640 3726 libro):
663 3677 678 3704 κ
696 3649 865 3712 ‘l'radidere
895 3652 1045 3732 quidam,
1072 3676 1173 3716 vene

91 3783 164 3824 num
190 3758 313 3822 Seneose
340 3778 397 3839 per
421 3755 564 3816 libertum
584 3755 677 3837 ipsius
699 3756 878 3819 cleonicum
897 3774 1059 3841 paratum,
1084 3762 1172 3843 jussu

91 3867 246 3939 Neronis;
271 3865 455 3943 vitatumque
479 3882 498 3922 a
519 3859 657 3935 Seneca,
675 3864 846 3947 proditione
873 3865 994 3943 liberti,
1020 3888 1074 3928 seu
1096 3890 1172 3951 pro-

84 3977 155 4060 pris
173 3971 353 4064 formidine,
382 3970 454 4030 dum
468 3968 599 4052 simplici
620 3971 716 4045 victu,
735 3983 766 4030 ct
786 3970 952 4052 agrestibus
969 3973 1088 4057 pomis,
1110 3996 1169 4050 ac,

91 4083 116 4144 si
141 4081 204 4143 sitis
228 4080 426 4145 admoneret,
452 4074 622 4158 prolluente
651 4097 728 4157 aqua
758 4077 851 4138 vitam
875 4078 1032 4142 tolerat.»
1057 4079 1173 4166 Pergit.

90 4189 138 4251 Aa
163 4186 303 4266 prudens.
327 4181 424 4264 Quasi
451 4202 563 4265 gnarus
591 4182 836 4265 conjurationis,
865 4199 895 4246 et
915 4186 977 4249 diei
1007 4187 1172 4254 destinatus.

25 4496 88 4548 h.
