<?xml version="1.0" encoding="UTF-8"?>
<!DOCTYPE html PUBLIC "-//W3C//DTD XHTML 1.0 Transitional//EN"
    "http://www.w3.org/TR/xhtml1/DTD/xhtml1-transitional.dtd">
<html xmlns="http://www.w3.org/1999/xhtml" xml:lang="en" lang="en">
 <head>
  <title>
</title>
<meta http-equiv="Content-Type" content="text/html;charset=utf-8" />
  <meta name='ocr-system' content='tesseract 3.04.00' />
  <meta name='ocr-capabilities' content='ocr_page ocr_carea ocr_par ocr_line ocrx_word'/>
</head>
<body>
  <div class='ocr_page' id='page_1' title='image "bibliothecaclas16lemagoog_0036.png"; bbox 0 0 2640 4822; ppageno 0'>
   <div class='ocr_carea' id='block_1_1' title="bbox 382 400 1212 495">
    <p class='ocr_par' dir='ltr' id='par_1_1' title="bbox 382 400 1212 495">
     <span class='ocr_line' id='line_1_1' title="bbox 382 400 1212 495; baseline 0.007 -22"><span class='ocrx_word' id='word_1_1' title='bbox 382 405 422 473; x_wconf 80' lang='lat' dir='ltr'>i.</span> <span class='ocrx_word' id='word_1_2' title='bbox 448 403 630 472; x_wconf 70' lang='lat' dir='ltr'>autimi</span> <span class='ocrx_word' id='word_1_3' title='bbox 653 400 889 489; x_wconf 67' lang='lat' dir='ltr'>saonem.</span> <span class='ocrx_word' id='word_1_4' title='bbox 1083 410 1212 495; x_wconf 74' lang='lat' dir='ltr'>xxvij.</span> 
     </span>
    </p>
   </div>
   <div class='ocr_carea' id='block_1_2' title="bbox 91 544 1181 2552">
    <p class='ocr_par' dir='ltr' id='par_1_2' title="bbox 91 544 1181 2552">
     <span class='ocr_line' id='line_1_2' title="bbox 91 544 1178 632; baseline 0.006 -26"><span class='ocrx_word' id='word_1_5' title='bbox 91 545 170 627; x_wconf 84' lang='lat' dir='ltr'>quid</span> <span class='ocrx_word' id='word_1_6' title='bbox 191 546 347 610; x_wconf 80' lang='lat' dir='ltr'>mirumai</span> <span class='ocrx_word' id='word_1_7' title='bbox 371 546 477 609; x_wconf 80' lang='lat' dir='ltr'>auxit?</span> <span class='ocrx_word' id='word_1_8' title='bbox 497 544 561 610; x_wconf 83' lang='lat' dir='ltr'>Sed</span> <span class='ocrx_word' id='word_1_9' title='bbox 587 547 630 610; x_wconf 89' lang='lat' dir='ltr'>ait</span> <span class='ocrx_word' id='word_1_10' title='bbox 648 547 762 625; x_wconf 87' lang='lat' dir='ltr'>etiam,</span> <span class='ocrx_word' id='word_1_11' title='bbox 783 576 797 602; x_wconf 72' lang='grc' dir='ltr'>α</span> <span class='ocrx_word' id='word_1_12' title='bbox 815 547 935 610; x_wconf 82' lang='lat' dir='ltr'>ltaliam</span> <span class='ocrx_word' id='word_1_13' title='bbox 954 561 986 610; x_wconf 89' lang='lat' dir='ltr'>et</span> <span class='ocrx_word' id='word_1_14' title='bbox 1005 548 1178 632; x_wconf 82' lang='lat' dir='ltr'>provineiaa</span> 
     </span>
     <span class='ocr_line' id='line_1_3' title="bbox 93 651 1178 739; baseline 0.006 -25"><span class='ocrx_word' id='word_1_15' title='bbox 93 654 209 716; x_wconf 73' lang='lat' dir='ltr'>sienim</span> <span class='ocrx_word' id='word_1_16' title='bbox 224 654 290 736; x_wconf 80' lang='lat' dir='ltr'>eina</span> <span class='ocrx_word' id='word_1_17' title='bbox 308 652 434 717; x_wconf 65' lang='lat' dir='ltr'>laniaririss</span> <span class='ocrx_word' id='word_1_18' title='bbox 455 680 471 708; x_wconf 72' lang='lat' dir='ltr'>u</span> <span class='ocrx_word' id='word_1_19' title='bbox 488 651 667 737; x_wconf 78' lang='lat' dir='ltr'>Significat,</span> <span class='ocrx_word' id='word_1_20' title='bbox 684 654 849 720; x_wconf 68' lang='lat' dir='ltr'>[mebreiu</span> <span class='ocrx_word' id='word_1_21' title='bbox 869 655 962 717; x_wconf 82' lang='lat' dir='ltr'>variis</span> <span class='ocrx_word' id='word_1_22' title='bbox 985 655 1062 719; x_wconf 78' lang='lat' dir='ltr'>locis</span> <span class='ocrx_word' id='word_1_23' title='bbox 1081 677 1178 739; x_wconf 87' lang='lat' dir='ltr'>peen-</span> 
     </span>
     <span class='ocr_line' id='line_1_4' title="bbox 96 757 1174 846; baseline 0.003 -26"><span class='ocrx_word' id='word_1_24' title='bbox 96 759 182 820; x_wconf 91' lang='lat' dir='ltr'>niam</span> <span class='ocrx_word' id='word_1_25' title='bbox 200 758 342 823; x_wconf 80' lang='lat' dir='ltr'>babniaae</span> <span class='ocrx_word' id='word_1_26' title='bbox 359 782 367 818; x_wconf 74' lang='grc' dir='ltr'><strong>ι</strong></span> <span class='ocrx_word' id='word_1_27' title='bbox 387 772 417 822; x_wconf 86' lang='lat' dir='ltr'>et</span> <span class='ocrx_word' id='word_1_28' title='bbox 439 760 576 843; x_wconf 82' lang='lat' dir='ltr'>tnapioor</span> <span class='ocrx_word' id='word_1_29' title='bbox 590 760 683 822; x_wconf 84' lang='lat' dir='ltr'>etiam</span> <span class='ocrx_word' id='word_1_30' title='bbox 701 760 732 821; x_wconf 89' lang='lat' dir='ltr'>in</span> <span class='ocrx_word' id='word_1_31' title='bbox 750 757 898 846; x_wconf 65' lang='lat' dir='ltr'>Egypto.</span> <span class='ocrx_word' id='word_1_32' title='bbox 917 758 952 823; x_wconf 81' lang='lat' dir='ltr'>ld</span> <span class='ocrx_word' id='word_1_33' title='bbox 969 760 1006 823; x_wconf 84' lang='lat' dir='ltr'>ex</span> <span class='ocrx_word' id='word_1_34' title='bbox 1024 760 1174 844; x_wconf 78' lang='lat' dir='ltr'>epistola,</span> 
     </span>
     <span class='ocr_line' id='line_1_5' title="bbox 96 865 1177 946; baseline 0 -15"><span class='ocrx_word' id='word_1_35' title='bbox 96 887 159 946; x_wconf 84' lang='lat' dir='ltr'>qna</span> <span class='ocrx_word' id='word_1_36' title='bbox 178 866 285 931; x_wconf 69' lang='lat' dir='ltr'>inibit</span> <span class='ocrx_word' id='word_1_37' title='bbox 301 886 397 930; x_wconf 71' lang='lat' dir='ltr'>umes</span> <span class='ocrx_word' id='word_1_38' title='bbox 419 865 641 930; x_wconf 79' lang='lat' dir='ltr'>Alexandrinae</span> <span class='ocrx_word' id='word_1_39' title='bbox 659 869 758 930; x_wconf 69' lang='lat' dir='ltr'>subito</span> <span class='ocrx_word' id='word_1_40' title='bbox 776 869 932 935; x_wconf 65' lang='lat' dir='ltr'>iuvenisse</span> <span class='ocrx_word' id='word_1_41' title='bbox 945 915 955 946; x_wconf 84' lang='lat'>‚</span> <span class='ocrx_word' id='word_1_42' title='bbox 970 889 1078 931; x_wconf 77' lang='lat' dir='ltr'>omnes</span> <span class='ocrx_word' id='word_1_43' title='bbox 1098 889 1177 932; x_wconf 60' lang='lat' dir='ltr'>eon*</span> 
     </span>
     <span class='ocr_line' id='line_1_6' title="bbox 97 973 1177 1059; baseline 0.002 -23"><span class='ocrx_word' id='word_1_44' title='bbox 97 973 229 1036; x_wconf 74' lang='lat' dir='ltr'>ourriaoe</span> <span class='ocrx_word' id='word_1_45' title='bbox 242 974 276 1035; x_wconf 87' lang='lat' dir='ltr'>iu</span> <span class='ocrx_word' id='word_1_46' title='bbox 290 988 414 1058; x_wconf 77' lang='lat' dir='ltr'>portum</span> <span class='ocrx_word' id='word_1_47' title='bbox 427 975 571 1038; x_wconf 82' lang='lat' dir='ltr'>autlium</span> <span class='ocrx_word' id='word_1_48' title='bbox 588 999 597 1036; x_wconf 73' lang='grc' dir='ltr'>ι</span> <span class='ocrx_word' id='word_1_49' title='bbox 616 975 686 1037; x_wconf 72' lang='lat' dir='ltr'>«At</span> <span class='ocrx_word' id='word_1_50' title='bbox 697 997 774 1059; x_wconf 82' lang='lat' dir='ltr'>ego,</span> <span class='ocrx_word' id='word_1_51' title='bbox 791 976 908 1057; x_wconf 75' lang='lat' dir='ltr'>inquit,</span> <span class='ocrx_word' id='word_1_52' title='bbox 922 977 954 1037; x_wconf 74' lang='lat' dir='ltr'>ia</span> <span class='ocrx_word' id='word_1_53' title='bbox 968 975 1177 1038; x_wconf 75' lang='lat' dir='ltr'>bonomium</span> 
     </span>
     <span class='ocr_line' id='line_1_7' title="bbox 96 1064 1179 1166; baseline 0.001 -24"><span class='ocrx_word' id='word_1_54' title='bbox 96 1079 256 1157; x_wconf 62' lang='lat' dir='ltr'>dmum,</span> <span class='ocrx_word' id='word_1_55' title='bbox 270 1101 416 1164; x_wconf 76' lang='lat' dir='ltr'>magnam</span> <span class='ocrx_word' id='word_1_56' title='bbox 427 1103 467 1143; x_wconf 80' lang='lat' dir='ltr'>ea</span> <span class='ocrx_word' id='word_1_57' title='bbox 478 1064 682 1165; x_wconf 78' lang='lat' dir='ltr'>pigritiamen</span> <span class='ocrx_word' id='word_1_58' title='bbox 696 1082 780 1145; x_wconf 72' lang='lat' dir='ltr'>tenti</span> <span class='ocrx_word' id='word_1_59' title='bbox 791 1082 976 1166; x_wconf 76' lang='lat' dir='ltr'>voluptatem</span> <span class='ocrx_word' id='word_1_60' title='bbox 989 1127 998 1159; x_wconf 81' lang='lat'>‚</span> <span class='ocrx_word' id='word_1_61' title='bbox 1013 1084 1096 1164; x_wconf 85' lang='lat' dir='ltr'>qnod</span> <span class='ocrx_word' id='word_1_62' title='bbox 1109 1081 1179 1165; x_wconf 88' lang='lat' dir='ltr'>epi-</span> 
     </span>
     <span class='ocr_line' id='line_1_8' title="bbox 97 1186 1181 1272; baseline 0.003 -24"><span class='ocrx_word' id='word_1_63' title='bbox 97 1186 195 1249; x_wconf 75' lang='lat' dir='ltr'>stolia</span> <span class='ocrx_word' id='word_1_64' title='bbox 207 1207 348 1251; x_wconf 86' lang='lat' dir='ltr'>meorum</span> <span class='ocrx_word' id='word_1_65' title='bbox 366 1201 564 1272; x_wconf 75' lang='lat' dir='ltr'>accepterus,</span> <span class='ocrx_word' id='word_1_66' title='bbox 579 1207 641 1251; x_wconf 80' lang='lat' dir='ltr'>iton</span> <span class='ocrx_word' id='word_1_67' title='bbox 654 1187 818 1272; x_wconf 81' lang='lat' dir='ltr'>properavi</span> <span class='ocrx_word' id='word_1_68' title='bbox 832 1187 929 1266; x_wconf 82' lang='lat' dir='ltr'>acite,</span> <span class='ocrx_word' id='word_1_69' title='bbox 942 1188 1009 1270; x_wconf 87' lang='lat' dir='ltr'>quis</span> <span class='ocrx_word' id='word_1_70' title='bbox 1026 1187 1090 1251; x_wconf 87' lang='lat' dir='ltr'>illie</span> <span class='ocrx_word' id='word_1_71' title='bbox 1099 1200 1181 1250; x_wconf 74' lang='lat' dir='ltr'>emet</span> 
     </span>
     <span class='ocr_line' id='line_1_9' title="bbox 97 1293 1179 1379; baseline 0 -25"><span class='ocrx_word' id='word_1_72' title='bbox 97 1315 205 1356; x_wconf 86' lang='lat' dir='ltr'>rerum</span> <span class='ocrx_word' id='word_1_73' title='bbox 219 1315 360 1358; x_wconf 70' lang='lat' dir='ltr'>munim</span> <span class='ocrx_word' id='word_1_74' title='bbox 379 1307 491 1372; x_wconf 80' lang='lat' dir='ltr'>atatim,</span> <span class='ocrx_word' id='word_1_75' title='bbox 512 1295 585 1378; x_wconf 85' lang='lat' dir='ltr'>quid</span> <span class='ocrx_word' id='word_1_76' title='bbox 597 1295 752 1358; x_wconf 78' lang='lat' dir='ltr'>afferrent.</span> <span class='ocrx_word' id='word_1_77' title='bbox 766 1293 853 1358; x_wconf 87' lang='lat' dir='ltr'>Olim</span> <span class='ocrx_word' id='word_1_78' title='bbox 867 1297 930 1379; x_wconf 88' lang='lat' dir='ltr'>jam</span> <span class='ocrx_word' id='word_1_79' title='bbox 944 1316 1001 1358; x_wconf 84' lang='lat' dir='ltr'>nee</span> <span class='ocrx_word' id='word_1_80' title='bbox 1014 1293 1094 1378; x_wconf 88' lang='lat' dir='ltr'>perit</span> <span class='ocrx_word' id='word_1_81' title='bbox 1102 1293 1179 1355; x_wconf 84' lang='lat' dir='ltr'>mibi</span> 
     </span>
     <span class='ocr_line' id='line_1_10' title="bbox 97 1398 1180 1485; baseline 0.001 -24"><span class='ocrx_word' id='word_1_82' title='bbox 97 1399 286 1481; x_wconf 74' lang='lat' dir='ltr'>quidquam,</span> <span class='ocrx_word' id='word_1_83' title='bbox 309 1401 559 1484; x_wconf 70' lang='lat' dir='ltr'>necat-quiritur.</span> <span class='ocrx_word' id='word_1_84' title='bbox 583 1398 739 1485; x_wconf 72' lang='lat' dir='ltr'>»(Epiab</span> <span class='ocrx_word' id='word_1_85' title='bbox 763 1403 888 1480; x_wconf 80' lang='lat' dir='ltr'>nxvtt.)</span> <span class='ocrx_word' id='word_1_86' title='bbox 913 1399 1030 1465; x_wconf 74' lang='lat' dir='ltr'>Habuit</span> <span class='ocrx_word' id='word_1_87' title='bbox 1049 1399 1092 1462; x_wconf 93' lang='lat' dir='ltr'>ibi</span> <span class='ocrx_word' id='word_1_88' title='bbox 1109 1419 1180 1462; x_wconf 81' lang='lat' dir='ltr'>suna</span> 
     </span>
     <span class='ocr_line' id='line_1_11' title="bbox 96 1508 1178 1597; baseline 0.001 -30"><span class='ocrx_word' id='word_1_89' title='bbox 96 1510 237 1590; x_wconf 75' lang='lat' dir='ltr'>(nmpe</span> <span class='ocrx_word' id='word_1_90' title='bbox 251 1516 390 1586; x_wconf 71' lang='lat' dir='ltr'>autores,</span> <span class='ocrx_word' id='word_1_91' title='bbox 407 1522 464 1571; x_wconf 85' lang='lat' dir='ltr'>ant</span> <span class='ocrx_word' id='word_1_92' title='bbox 478 1517 710 1594; x_wconf 82' lang='lat' dir='ltr'>procuratorea)</span> <span class='ocrx_word' id='word_1_93' title='bbox 723 1523 756 1572; x_wconf 89' lang='lat' dir='ltr'>et</span> <span class='ocrx_word' id='word_1_94' title='bbox 767 1531 818 1572; x_wconf 87' lang='lat' dir='ltr'>rea</span> <span class='ocrx_word' id='word_1_95' title='bbox 836 1511 902 1597; x_wconf 73' lang='lat' dir='ltr'>ejus</span> <span class='ocrx_word' id='word_1_96' title='bbox 915 1508 1062 1594; x_wconf 78' lang='lat' dir='ltr'>agebatur</span> <span class='ocrx_word' id='word_1_97' title='bbox 1078 1531 1086 1567; x_wconf 75' lang='grc' dir='ltr'>ι</span> <span class='ocrx_word' id='word_1_98' title='bbox 1103 1526 1178 1592; x_wconf 84' lang='lat' dir='ltr'>ergo</span> 
     </span>
     <span class='ocr_line' id='line_1_12' title="bbox 97 1614 1179 1701; baseline 0.001 -26"><span class='ocrx_word' id='word_1_99' title='bbox 97 1615 130 1675; x_wconf 85' lang='lat' dir='ltr'>in</span> <span class='ocrx_word' id='word_1_100' title='bbox 144 1614 274 1696; x_wconf 80' lang='lat' dir='ltr'>pecnnia</span> <span class='ocrx_word' id='word_1_101' title='bbox 286 1614 387 1696; x_wconf 75' lang='lat' dir='ltr'>aliqua</span> <span class='ocrx_word' id='word_1_102' title='bbox 399 1615 528 1700; x_wconf 77' lang='lat' dir='ltr'>grandi,</span> <span class='ocrx_word' id='word_1_103' title='bbox 548 1629 600 1678; x_wconf 86' lang='lat' dir='ltr'>aut</span> <span class='ocrx_word' id='word_1_104' title='bbox 613 1630 646 1678; x_wconf 91' lang='lat' dir='ltr'>et</span> <span class='ocrx_word' id='word_1_105' title='bbox 658 1616 750 1701; x_wconf 84' lang='lat' dir='ltr'>agria.</span> <span class='ocrx_word' id='word_1_106' title='bbox 765 1614 849 1679; x_wconf 80' lang='lat' dir='ltr'>Nam</span> <span class='ocrx_word' id='word_1_107' title='bbox 864 1629 949 1681; x_wconf 79' lang='lat' dir='ltr'>uana</span> <span class='ocrx_word' id='word_1_108' title='bbox 963 1636 1050 1677; x_wconf 82' lang='lat' dir='ltr'>mare</span> <span class='ocrx_word' id='word_1_109' title='bbox 1070 1633 1179 1699; x_wconf 77' lang='lat' dir='ltr'>potae-</span> 
     </span>
     <span class='ocr_line' id='line_1_13' title="bbox 96 1720 1180 1808; baseline 0 -24"><span class='ocrx_word' id='word_1_110' title='bbox 96 1722 180 1784; x_wconf 78' lang='lat' dir='ltr'>‹liaae</span> <span class='ocrx_word' id='word_1_111' title='bbox 193 1765 203 1798; x_wconf 85' lang='lat'><strong>‚</strong></span> <span class='ocrx_word' id='word_1_112' title='bbox 218 1734 252 1782; x_wconf 70' lang='grc' dir='ltr'>α</span> <span class='ocrx_word' id='word_1_113' title='bbox 263 1722 317 1784; x_wconf 81' lang='lat' dir='ltr'>illa</span> <span class='ocrx_word' id='word_1_114' title='bbox 328 1737 403 1785; x_wconf 80' lang='lat' dir='ltr'>aetat</span> <span class='ocrx_word' id='word_1_115' title='bbox 417 1737 450 1786; x_wconf 83' lang='lat' dir='ltr'>et</span> <span class='ocrx_word' id='word_1_116' title='bbox 465 1724 557 1808; x_wconf 87' lang='lat' dir='ltr'>eopia</span> <span class='ocrx_word' id='word_1_117' title='bbox 577 1737 664 1796; x_wconf 82' lang='lat' dir='ltr'>erat,</span> <span class='ocrx_word' id='word_1_118' title='bbox 684 1724 761 1787; x_wconf 87' lang='lat' dir='ltr'>nibil</span> <span class='ocrx_word' id='word_1_119' title='bbox 782 1744 906 1789; x_wconf 80' lang='lat' dir='ltr'>novun.</span> <span class='ocrx_word' id='word_1_120' title='bbox 924 1720 1094 1786; x_wconf 83' lang='lat' dir='ltr'>Enimvero</span> <span class='ocrx_word' id='word_1_121' title='bbox 1114 1720 1180 1784; x_wconf 91' lang='lat' dir='ltr'>Dio</span> 
     </span>
     <span class='ocr_line' id='line_1_14' title="bbox 98 1827 1179 1912; baseline 0.004 -24"><span class='ocrx_word' id='word_1_122' title='bbox 98 1829 181 1889; x_wconf 88' lang='lat' dir='ltr'>iuter</span> <span class='ocrx_word' id='word_1_123' title='bbox 206 1849 314 1892; x_wconf 83' lang='lat' dir='ltr'>eanaaa</span> <span class='ocrx_word' id='word_1_124' title='bbox 337 1829 430 1892; x_wconf 87' lang='lat' dir='ltr'>etiaiu</span> <span class='ocrx_word' id='word_1_125' title='bbox 450 1829 619 1894; x_wconf 60' lang='lat' dir='ltr'>Britanni&amp;</span> <span class='ocrx_word' id='word_1_126' title='bbox 640 1830 714 1893; x_wconf 88' lang='lat' dir='ltr'>belli</span> <span class='ocrx_word' id='word_1_127' title='bbox 737 1843 894 1904; x_wconf 77' lang='lat' dir='ltr'>recantet,</span> <span class='ocrx_word' id='word_1_128' title='bbox 914 1832 996 1912; x_wconf 84' lang='lat' dir='ltr'>qnod</span> <span class='ocrx_word' id='word_1_129' title='bbox 1021 1857 1037 1884; x_wconf 69' lang='grc' dir='ltr'><strong><em>α</em></strong></span> <span class='ocrx_word' id='word_1_130' title='bbox 1061 1827 1179 1892; x_wconf 80' lang='lat' dir='ltr'>Seneca</span> 
     </span>
     <span class='ocr_line' id='line_1_15' title="bbox 96 1933 1180 2019; baseline -0.002 -23"><span class='ocrx_word' id='word_1_131' title='bbox 96 1955 195 2014; x_wconf 84' lang='lat' dir='ltr'>quum</span> <span class='ocrx_word' id='word_1_132' title='bbox 209 1935 453 2019; x_wconf 73' lang='lat' dir='ltr'>quadringenties</span> <span class='ocrx_word' id='word_1_133' title='bbox 463 1933 552 1999; x_wconf 84' lang='lat' dir='ltr'><strong>flSS.</strong></span> <span class='ocrx_word' id='word_1_134' title='bbox 561 1938 653 2016; x_wconf 73' lang='lat' dir='ltr'>(anit</span> <span class='ocrx_word' id='word_1_135' title='bbox 669 1937 770 2000; x_wconf 80' lang='lat' dir='ltr'>ileeiea</span> <span class='ocrx_word' id='word_1_136' title='bbox 783 1950 910 1999; x_wconf 87' lang='lat' dir='ltr'>centena</span> <span class='ocrx_word' id='word_1_137' title='bbox 923 1933 1020 1998; x_wconf 88' lang='lat' dir='ltr'>millia</span> <span class='ocrx_word' id='word_1_138' title='bbox 1030 1933 1180 2017; x_wconf 87' lang='lat' dir='ltr'>Philippi-</span> 
     </span>
     <span class='ocr_line' id='line_1_16' title="bbox 97 2038 1179 2126; baseline 0.002 -23"><span class='ocrx_word' id='word_1_139' title='bbox 97 2043 229 2119; x_wconf 90' lang='lat' dir='ltr'>corum)</span> <span class='ocrx_word' id='word_1_140' title='bbox 249 2063 361 2126; x_wconf 87' lang='lat' dir='ltr'>magno</span> <span class='ocrx_word' id='word_1_141' title='bbox 381 2041 493 2105; x_wconf 76' lang='lat' dir='ltr'>faenore</span> <span class='ocrx_word' id='word_1_142' title='bbox 513 2042 670 2106; x_wconf 78' lang='lat' dir='ltr'>Britannia</span> <span class='ocrx_word' id='word_1_143' title='bbox 686 2042 880 2119; x_wconf 74' lang='lat' dir='ltr'>crediliaaet,</span> <span class='ocrx_word' id='word_1_144' title='bbox 903 2042 1077 2105; x_wconf 80' lang='lat' dir='ltr'>universim</span> <span class='ocrx_word' id='word_1_145' title='bbox 1091 2038 1179 2105; x_wconf 83' lang='lat' dir='ltr'>illam</span> 
     </span>
     <span class='ocr_line' id='line_1_17' title="bbox 98 2144 1173 2233; baseline 0 -26"><span class='ocrx_word' id='word_1_146' title='bbox 98 2146 265 2229; x_wconf 89' lang='lat' dir='ltr'>pecuniam</span> <span class='ocrx_word' id='word_1_147' title='bbox 277 2168 338 2210; x_wconf 92' lang='lat' dir='ltr'>uno</span> <span class='ocrx_word' id='word_1_148' title='bbox 347 2162 486 2232; x_wconf 86' lang='lat' dir='ltr'>tempore</span> <span class='ocrx_word' id='word_1_149' title='bbox 498 2149 745 2233; x_wconf 77' lang='lat' dir='ltr'>repetebat.»An</span> <span class='ocrx_word' id='word_1_150' title='bbox 756 2171 828 2213; x_wconf 85' lang='lat' dir='ltr'>rere</span> <span class='ocrx_word' id='word_1_151' title='bbox 840 2149 910 2221; x_wconf 79' lang='lat' dir='ltr'>boe,</span> <span class='ocrx_word' id='word_1_152' title='bbox 920 2149 1024 2212; x_wconf 82' lang='lat' dir='ltr'>nescio</span> <span class='ocrx_word' id='word_1_153' title='bbox 1037 2173 1044 2209; x_wconf 91' lang='lat'>:</span> <span class='ocrx_word' id='word_1_154' title='bbox 1058 2144 1173 2229; x_wconf 84' lang='lat' dir='ltr'>ubique</span> 
     </span>
     <span class='ocr_line' id='line_1_18' title="bbox 96 2253 1179 2341; baseline -0.001 -27"><span class='ocrx_word' id='word_1_155' title='bbox 96 2254 185 2315; x_wconf 87' lang='lat' dir='ltr'>enim</span> <span class='ocrx_word' id='word_1_156' title='bbox 199 2253 349 2335; x_wconf 77' lang='lat' dir='ltr'>infensus,</span> <span class='ocrx_word' id='word_1_157' title='bbox 365 2270 396 2319; x_wconf 88' lang='lat' dir='ltr'>et</span> <span class='ocrx_word' id='word_1_158' title='bbox 412 2279 450 2321; x_wconf 83' lang='lat' dir='ltr'>ex</span> <span class='ocrx_word' id='word_1_159' title='bbox 464 2256 603 2341; x_wconf 79' lang='lat' dir='ltr'>profesio</span> <span class='ocrx_word' id='word_1_160' title='bbox 618 2256 731 2335; x_wconf 81' lang='lat' dir='ltr'>bottis,</span> <span class='ocrx_word' id='word_1_161' title='bbox 749 2270 796 2320; x_wconf 78' lang='lat' dir='ltr'>eat</span> <span class='ocrx_word' id='word_1_162' title='bbox 808 2270 914 2331; x_wconf 71' lang='lat' dir='ltr'>noetio</span> <span class='ocrx_word' id='word_1_163' title='bbox 930 2278 939 2329; x_wconf 88' lang='lat'><strong>;</strong></span> <span class='ocrx_word' id='word_1_164' title='bbox 954 2270 1089 2322; x_wconf 86' lang='lat' dir='ltr'>tamena</span> <span class='ocrx_word' id='word_1_165' title='bbox 1103 2273 1179 2316; x_wconf 82' lang='lat' dir='ltr'>reio</span> 
     </span>
     <span class='ocr_line' id='line_1_19' title="bbox 97 2357 1181 2447; baseline -0.001 -25"><span class='ocrx_word' id='word_1_166' title='bbox 97 2382 164 2422; x_wconf 87' lang='lat' dir='ltr'>non</span> <span class='ocrx_word' id='word_1_167' title='bbox 181 2357 263 2436; x_wconf 76' lang='lat' dir='ltr'>abii,</span> <span class='ocrx_word' id='word_1_168' title='bbox 281 2363 373 2425; x_wconf 89' lang='lat' dir='ltr'>etiam</span> <span class='ocrx_word' id='word_1_169' title='bbox 392 2362 456 2426; x_wconf 91' lang='lat' dir='ltr'>illic</span> <span class='ocrx_word' id='word_1_170' title='bbox 469 2363 630 2447; x_wconf 87' lang='lat' dir='ltr'>pecuniam</span> <span class='ocrx_word' id='word_1_171' title='bbox 648 2363 800 2429; x_wconf 86' lang='lat' dir='ltr'>babuisse.</span> <span class='ocrx_word' id='word_1_172' title='bbox 820 2361 904 2446; x_wconf 80' lang='lat' dir='ltr'>Quid</span> <span class='ocrx_word' id='word_1_173' title='bbox 916 2364 980 2446; x_wconf 88' lang='lat' dir='ltr'>jam</span> <span class='ocrx_word' id='word_1_174' title='bbox 1003 2363 1131 2439; x_wconf 78' lang='lat' dir='ltr'>hortos,</span> <span class='ocrx_word' id='word_1_175' title='bbox 1148 2371 1181 2422; x_wconf 90' lang='lat' dir='ltr'>et</span> 
     </span>
     <span class='ocr_line' id='line_1_20' title="bbox 98 2466 1153 2552; baseline -0.002 -24"><span class='ocrx_word' id='word_1_176' title='bbox 98 2467 215 2530; x_wconf 83' lang='lat' dir='ltr'>villas?</span> <span class='ocrx_word' id='word_1_177' title='bbox 226 2469 328 2552; x_wconf 87' lang='lat' dir='ltr'>plures</span> <span class='ocrx_word' id='word_1_178' title='bbox 337 2467 443 2531; x_wconf 83' lang='lat' dir='ltr'>babuit</span> <span class='ocrx_word' id='word_1_179' title='bbox 455 2516 465 2546; x_wconf 82' lang='grc'><em>,</em></span> <span class='ocrx_word' id='word_1_180' title='bbox 476 2483 507 2530; x_wconf 93' lang='lat' dir='ltr'>et</span> <span class='ocrx_word' id='word_1_181' title='bbox 517 2490 589 2546; x_wconf 34' lang='lat' dir='ltr'>curu⁸</span> <span class='ocrx_word' id='word_1_182' title='bbox 599 2468 683 2531; x_wconf 88' lang='lat' dir='ltr'>vario</span> <span class='ocrx_word' id='word_1_183' title='bbox 699 2471 854 2533; x_wconf 85' lang='lat' dir='ltr'>instructo.</span> <span class='ocrx_word' id='word_1_184' title='bbox 866 2467 1026 2531; x_wconf 86' lang='lat' dir='ltr'>Juvenalis</span> <span class='ocrx_word' id='word_1_185' title='bbox 1036 2466 1133 2552; x_wconf 87' lang='lat' dir='ltr'>attigit</span> <span class='ocrx_word' id='word_1_186' title='bbox 1146 2490 1153 2525; x_wconf 75' lang='grc' dir='ltr'><strong>ε</strong></span> 
     </span>
    </p>
   </div>
   <div class='ocr_carea' id='block_1_3' title="bbox 305 2602 828 2679">
    <p class='ocr_par' dir='ltr' id='par_1_3' title="bbox 305 2602 828 2679">
     <span class='ocr_line' id='line_1_21' title="bbox 305 2602 828 2679; baseline 0.006 -28"><span class='ocrx_word' id='word_1_187' title='bbox 305 2638 329 2656; x_wconf 87' lang='grc'>..</span> <span class='ocrx_word' id='word_1_188' title='bbox 339 2640 345 2652; x_wconf 92' lang='grc'><strong>.</strong></span> <span class='ocrx_word' id='word_1_189' title='bbox 354 2639 362 2654; x_wconf 93' lang='grc'><strong>.</strong></span> <span class='ocrx_word' id='word_1_190' title='bbox 372 2640 378 2653; x_wconf 86' lang='grc'><strong>.</strong></span> <span class='ocrx_word' id='word_1_191' title='bbox 387 2640 394 2654; x_wconf 94' lang='grc'><strong>.</strong></span> <span class='ocrx_word' id='word_1_192' title='bbox 404 2639 427 2654; x_wconf 90' lang='grc'>..</span> <span class='ocrx_word' id='word_1_193' title='bbox 437 2637 444 2651; x_wconf 83' lang='lat'><strong>·</strong></span> <span class='ocrx_word' id='word_1_194' title='bbox 463 2603 569 2658; x_wconf 78' lang='lat' dir='ltr'>senece</span> <span class='ocrx_word' id='word_1_195' title='bbox 580 2602 723 2679; x_wconf 71' lang='lat' dir='ltr'>praedivitis</span> <span class='ocrx_word' id='word_1_196' title='bbox 733 2602 828 2657; x_wconf 82' lang='lat' dir='ltr'>bortoa.</span> 
     </span>
    </p>
   </div>
   <div class='ocr_carea' id='block_1_4' title="bbox 95 2718 1240 3980">
    <p class='ocr_par' dir='ltr' id='par_1_4' title="bbox 95 2718 1240 3980">
     <span class='ocr_line' id='line_1_22' title="bbox 97 2718 1180 2804; baseline 0.002 -21"><span class='ocrx_word' id='word_1_197' title='bbox 97 2721 164 2783; x_wconf 85' lang='lat' dir='ltr'>Sed</span> <span class='ocrx_word' id='word_1_198' title='bbox 177 2733 210 2784; x_wconf 90' lang='lat' dir='ltr'>et</span> <span class='ocrx_word' id='word_1_199' title='bbox 226 2720 292 2804; x_wconf 84' lang='lat' dir='ltr'>ipae</span> <span class='ocrx_word' id='word_1_200' title='bbox 307 2719 395 2784; x_wconf 73' lang='lat' dir='ltr'>villae</span> <span class='ocrx_word' id='word_1_201' title='bbox 408 2738 479 2784; x_wconf 80' lang='lat' dir='ltr'>tuas</span> <span class='ocrx_word' id='word_1_202' title='bbox 492 2735 714 2787; x_wconf 81' lang='lat' dir='ltr'>commemorat</span> <span class='ocrx_word' id='word_1_203' title='bbox 732 2720 982 2798; x_wconf 81' lang='lat' dir='ltr'>Nomentanam,</span> <span class='ocrx_word' id='word_1_204' title='bbox 1000 2718 1156 2785; x_wconf 77' lang='lat' dir='ltr'>Albanam</span> <span class='ocrx_word' id='word_1_205' title='bbox 1171 2768 1180 2795; x_wconf 85' lang='grc'>,</span> 
     </span>
     <span class='ocr_line' id='line_1_23' title="bbox 99 2823 1178 2913; baseline 0.003 -25"><span class='ocrx_word' id='word_1_206' title='bbox 99 2829 234 2908; x_wconf 85' lang='lat' dir='ltr'>itemque</span> <span class='ocrx_word' id='word_1_207' title='bbox 248 2826 398 2890; x_wconf 86' lang='lat' dir='ltr'>Baianaiu</span> <span class='ocrx_word' id='word_1_208' title='bbox 413 2851 420 2887; x_wconf 91' lang='lat'>:</span> <span class='ocrx_word' id='word_1_209' title='bbox 435 2840 466 2890; x_wconf 86' lang='lat' dir='ltr'>et</span> <span class='ocrx_word' id='word_1_210' title='bbox 474 2826 582 2891; x_wconf 86' lang='lat' dir='ltr'>babuit</span> <span class='ocrx_word' id='word_1_211' title='bbox 593 2848 665 2891; x_wconf 81' lang='lat' dir='ltr'>tane</span> <span class='ocrx_word' id='word_1_212' title='bbox 673 2827 787 2913; x_wconf 79' lang='lat' dir='ltr'>plurea.</span> <span class='ocrx_word' id='word_1_213' title='bbox 796 2823 860 2890; x_wconf 82' lang='lat' dir='ltr'>Sed</span> <span class='ocrx_word' id='word_1_214' title='bbox 871 2839 902 2890; x_wconf 89' lang='lat' dir='ltr'>et</span> <span class='ocrx_word' id='word_1_215' title='bbox 910 2829 1037 2891; x_wconf 83' lang='lat' dir='ltr'>dominu</span> <span class='ocrx_word' id='word_1_216' title='bbox 1047 2829 1078 2890; x_wconf 91' lang='lat' dir='ltr'>in</span> <span class='ocrx_word' id='word_1_217' title='bbox 1089 2829 1178 2905; x_wconf 79' lang='lat' dir='ltr'>urbe,</span> 
     </span>
     <span class='ocr_line' id='line_1_24' title="bbox 95 2930 1179 3018; baseline 0.002 -23"><span class='ocrx_word' id='word_1_218' title='bbox 95 2955 165 3015; x_wconf 73' lang='lat' dir='ltr'>qua</span> <span class='ocrx_word' id='word_1_219' title='bbox 177 2952 292 2997; x_wconf 85' lang='lat' dir='ltr'>nomen</span> <span class='ocrx_word' id='word_1_220' title='bbox 307 2935 388 3018; x_wconf 85' lang='lat' dir='ltr'>apud</span> <span class='ocrx_word' id='word_1_221' title='bbox 400 2946 542 3016; x_wconf 69' lang='lat' dir='ltr'>posterni</span> <span class='ocrx_word' id='word_1_222' title='bbox 556 2933 672 2995; x_wconf 86' lang='lat' dir='ltr'>tenuit:</span> <span class='ocrx_word' id='word_1_223' title='bbox 688 2932 829 3014; x_wconf 77' lang='lat' dir='ltr'>locatque</span> <span class='ocrx_word' id='word_1_224' title='bbox 843 2930 967 2998; x_wconf 66' lang='lat' dir='ltr'>Senem</span> <span class='ocrx_word' id='word_1_225' title='bbox 980 2937 1125 3011; x_wconf 78' lang='lat' dir='ltr'>domum,</span> <span class='ocrx_word' id='word_1_226' title='bbox 1145 2935 1179 2997; x_wconf 87' lang='lat' dir='ltr'>in</span> 
     </span>
     <span class='ocr_line' id='line_1_25' title="bbox 100 3037 1181 3124; baseline 0 -21"><span class='ocrx_word' id='word_1_227' title='bbox 100 3040 227 3124; x_wconf 82' lang='lat' dir='ltr'>regione</span> <span class='ocrx_word' id='word_1_228' title='bbox 244 3057 276 3101; x_wconf 82' lang='lat' dir='ltr'>x.</span> <span class='ocrx_word' id='word_1_229' title='bbox 294 3037 329 3100; x_wconf 88' lang='lat' dir='ltr'>P.</span> <span class='ocrx_word' id='word_1_230' title='bbox 347 3037 468 3102; x_wconf 87' lang='lat' dir='ltr'>Victor.</span> <span class='ocrx_word' id='word_1_231' title='bbox 487 3037 563 3101; x_wconf 85' lang='lat' dir='ltr'>Jaiu</span> <span class='ocrx_word' id='word_1_232' title='bbox 583 3052 614 3103; x_wconf 88' lang='lat' dir='ltr'>et</span> <span class='ocrx_word' id='word_1_233' title='bbox 632 3039 768 3122; x_wconf 83' lang='lat' dir='ltr'>supellex</span> <span class='ocrx_word' id='word_1_234' title='bbox 789 3038 935 3103; x_wconf 82' lang='lat' dir='ltr'>iuvidiam</span> <span class='ocrx_word' id='word_1_235' title='bbox 952 3041 1080 3117; x_wconf 84' lang='lat' dir='ltr'>babuit,</span> <span class='ocrx_word' id='word_1_236' title='bbox 1103 3041 1181 3124; x_wconf 77' lang='lat' dir='ltr'>obji-</span> 
     </span>
     <span class='ocr_line' id='line_1_26' title="bbox 99 3144 1181 3240; baseline 0 -29"><span class='ocrx_word' id='word_1_237' title='bbox 99 3150 202 3229; x_wconf 82' lang='lat' dir='ltr'>citque</span> <span class='ocrx_word' id='word_1_238' title='bbox 220 3146 285 3209; x_wconf 91' lang='lat' dir='ltr'>Dio</span> <span class='ocrx_word' id='word_1_239' title='bbox 312 3171 320 3208; x_wconf 73' lang='grc' dir='ltr'><strong>ε</strong></span> <span class='ocrx_word' id='word_1_240' title='bbox 349 3175 365 3240; x_wconf 83' lang='lat'>‘.‘</span> <span class='ocrx_word' id='word_1_241' title='bbox 389 3144 579 3230; x_wconf 79' lang='lat' dir='ltr'>Quingentas</span> <span class='ocrx_word' id='word_1_242' title='bbox 609 3167 731 3211; x_wconf 80' lang='lat' dir='ltr'>mensas</span> <span class='ocrx_word' id='word_1_243' title='bbox 752 3168 770 3209; x_wconf 89' lang='lat' dir='ltr'>e</span> <span class='ocrx_word' id='word_1_244' title='bbox 793 3150 907 3221; x_wconf 76' lang='lat' dir='ltr'>cedro,</span> <span class='ocrx_word' id='word_1_245' title='bbox 938 3171 1009 3212; x_wconf 87' lang='lat' dir='ltr'>cum</span> <span class='ocrx_word' id='word_1_246' title='bbox 1039 3149 1181 3211; x_wconf 80' lang='lat' dir='ltr'>eburneis</span> 
     </span>
     <span class='ocr_line' id='line_1_27' title="bbox 100 3253 1181 3339; baseline 0 -22"><span class='ocrx_word' id='word_1_247' title='bbox 100 3254 250 3339; x_wconf 82' lang='lat' dir='ltr'>pedibus,</span> <span class='ocrx_word' id='word_1_248' title='bbox 263 3254 380 3317; x_wconf 83' lang='lat' dir='ltr'>similet</span> <span class='ocrx_word' id='word_1_249' title='bbox 397 3274 505 3317; x_wconf 85' lang='lat' dir='ltr'>omnes</span> <span class='ocrx_word' id='word_1_250' title='bbox 524 3267 555 3316; x_wconf 90' lang='lat' dir='ltr'>et</span> <span class='ocrx_word' id='word_1_251' title='bbox 572 3253 712 3336; x_wconf 76' lang='lat' dir='ltr'>aequalea</span> <span class='ocrx_word' id='word_1_252' title='bbox 734 3282 750 3309; x_wconf 82' lang='grc'><strong>»</strong></span> <span class='ocrx_word' id='word_1_253' title='bbox 768 3254 917 3338; x_wconf 82' lang='lat' dir='ltr'>Magnum</span> <span class='ocrx_word' id='word_1_254' title='bbox 929 3256 990 3320; x_wconf 81' lang='lat' dir='ltr'>lioo</span> <span class='ocrx_word' id='word_1_255' title='bbox 1000 3256 1072 3336; x_wconf 73' lang='lat' dir='ltr'>luit,</span> <span class='ocrx_word' id='word_1_256' title='bbox 1087 3256 1114 3318; x_wconf 80' lang='lat' dir='ltr'>ai</span> <span class='ocrx_word' id='word_1_257' title='bbox 1130 3277 1181 3323; x_wconf 84' lang='lat' dir='ltr'>ve·</span> 
     </span>
     <span class='ocr_line' id='line_1_28' title="bbox 100 3358 1178 3446; baseline -0.003 -20"><span class='ocrx_word' id='word_1_258' title='bbox 100 3385 171 3426; x_wconf 90' lang='lat' dir='ltr'>rnm</span> <span class='ocrx_word' id='word_1_259' title='bbox 184 3364 275 3440; x_wconf 85' lang='lat' dir='ltr'>(nain</span> <span class='ocrx_word' id='word_1_260' title='bbox 295 3362 338 3424; x_wconf 88' lang='lat' dir='ltr'>ita</span> <span class='ocrx_word' id='word_1_261' title='bbox 355 3382 477 3446; x_wconf 83' lang='lat' dir='ltr'>semper</span> <span class='ocrx_word' id='word_1_262' title='bbox 491 3359 523 3421; x_wconf 93' lang='lat' dir='ltr'>in</span> <span class='ocrx_word' id='word_1_263' title='bbox 536 3358 648 3422; x_wconf 85' lang='lat' dir='ltr'>Dionia</span> <span class='ocrx_word' id='word_1_264' title='bbox 665 3362 885 3444; x_wconf 83' lang='lat' dir='ltr'>objectionibus</span> <span class='ocrx_word' id='word_1_265' title='bbox 896 3366 1063 3428; x_wconf 84' lang='lat' dir='ltr'>cavendum</span> <span class='ocrx_word' id='word_1_266' title='bbox 1084 3365 1154 3441; x_wconf 86' lang='lat' dir='ltr'>eat)</span> <span class='ocrx_word' id='word_1_267' title='bbox 1170 3387 1178 3423; x_wconf 76' lang='grc' dir='ltr'><strong>ε</strong></span> 
     </span>
     <span class='ocr_line' id='line_1_29' title="bbox 99 3451 1240 3554; baseline 0 -24"><span class='ocrx_word' id='word_1_268' title='bbox 99 3491 269 3554; x_wconf 80' lang='lat' dir='ltr'>maguum,</span> <span class='ocrx_word' id='word_1_269' title='bbox 287 3481 334 3530; x_wconf 85' lang='lat' dir='ltr'>tot</span> <span class='ocrx_word' id='word_1_270' title='bbox 350 3468 419 3530; x_wconf 88' lang='lat' dir='ltr'>illas</span> <span class='ocrx_word' id='word_1_271' title='bbox 435 3488 557 3531; x_wconf 77' lang='lat' dir='ltr'>mensae</span> <span class='ocrx_word' id='word_1_272' title='bbox 576 3466 738 3544; x_wconf 80' lang='lat' dir='ltr'>babuisse,</span> <span class='ocrx_word' id='word_1_273' title='bbox 754 3489 884 3549; x_wconf 86' lang='lat' dir='ltr'>quarum</span> <span class='ocrx_word' id='word_1_274' title='bbox 898 3489 959 3540; x_wconf 80' lang='lat' dir='ltr'>uua</span> <span class='ocrx_word' id='word_1_275' title='bbox 972 3469 1072 3551; x_wconf 86' lang='lat' dir='ltr'>aliqua</span> <span class='ocrx_word' id='word_1_276' title='bbox 1084 3471 1181 3533; x_wconf 83' lang='lat' dir='ltr'>taxari</span> <span class='ocrx_word' id='word_1_277' title='bbox 1236 3451 1240 3465; x_wconf 55' lang='lat'><strong><em>¹</em></strong></span> 
     </span>
     <span class='ocr_line' id='line_1_30' title="bbox 102 3571 1181 3643; baseline 0.002 -7"><span class='ocrx_word' id='word_1_278' title='bbox 102 3577 153 3640; x_wconf 84' lang='lat' dir='ltr'>vel</span> <span class='ocrx_word' id='word_1_279' title='bbox 175 3575 325 3638; x_wconf 78' lang='lat' dir='ltr'>latifundii</span> <span class='ocrx_word' id='word_1_280' title='bbox 344 3575 541 3643; x_wconf 67' lang='lat' dir='ltr'>estimatione</span> <span class='ocrx_word' id='word_1_281' title='bbox 555 3574 642 3636; x_wconf 85' lang='lat' dir='ltr'>solet.</span> <span class='ocrx_word' id='word_1_282' title='bbox 663 3571 725 3637; x_wconf 80' lang='lat' dir='ltr'>sea</span> <span class='ocrx_word' id='word_1_283' title='bbox 745 3595 807 3636; x_wconf 91' lang='lat' dir='ltr'>uon</span> <span class='ocrx_word' id='word_1_284' title='bbox 826 3588 890 3637; x_wconf 89' lang='lat' dir='ltr'>tarn</span> <span class='ocrx_word' id='word_1_285' title='bbox 908 3575 1002 3638; x_wconf 82' lang='lat' dir='ltr'>lectas</span> <span class='ocrx_word' id='word_1_286' title='bbox 1023 3587 1075 3636; x_wconf 86' lang='lat' dir='ltr'>ant</span> <span class='ocrx_word' id='word_1_287' title='bbox 1093 3595 1181 3639; x_wconf 82' lang='lat' dir='ltr'>raras</span> 
     </span>
     <span class='ocr_line' id='line_1_31' title="bbox 101 3680 1180 3768; baseline -0.003 -21"><span class='ocrx_word' id='word_1_288' title='bbox 101 3685 195 3747; x_wconf 78' lang='lat' dir='ltr'>luisse</span> <span class='ocrx_word' id='word_1_289' title='bbox 213 3684 269 3749; x_wconf 78' lang='lat' dir='ltr'>baa</span> <span class='ocrx_word' id='word_1_290' title='bbox 294 3694 415 3768; x_wconf 87' lang='lat' dir='ltr'>oportet</span> <span class='ocrx_word' id='word_1_291' title='bbox 439 3705 447 3739; x_wconf 73' lang='grc' dir='ltr'>ι</span> <span class='ocrx_word' id='word_1_292' title='bbox 472 3681 545 3763; x_wconf 85' lang='lat' dir='ltr'>quid</span> <span class='ocrx_word' id='word_1_293' title='bbox 564 3680 589 3744; x_wconf 87' lang='lat' dir='ltr'>ai</span> <span class='ocrx_word' id='word_1_294' title='bbox 610 3703 669 3745; x_wconf 87' lang='lat' dir='ltr'>uec</span> <span class='ocrx_word' id='word_1_295' title='bbox 690 3681 804 3744; x_wconf 80' lang='lat' dir='ltr'>luisse?</span> <span class='ocrx_word' id='word_1_296' title='bbox 835 3680 930 3753; x_wconf 81' lang='lat' dir='ltr'>Non,</span> <span class='ocrx_word' id='word_1_297' title='bbox 959 3681 1031 3763; x_wconf 86' lang='lat' dir='ltr'>quio</span> <span class='ocrx_word' id='word_1_298' title='bbox 1062 3681 1180 3758; x_wconf 85' lang='lat' dir='ltr'>moris,</span> 
     </span>
     <span class='ocr_line' id='line_1_32' title="bbox 100 3786 1184 3868; baseline -0.004 -13"><span class='ocrx_word' id='word_1_299' title='bbox 100 3793 193 3855; x_wconf 84' lang='lat' dir='ltr'>lautis</span> <span class='ocrx_word' id='word_1_300' title='bbox 211 3804 243 3853; x_wconf 84' lang='lat' dir='ltr'>et</span> <span class='ocrx_word' id='word_1_301' title='bbox 260 3789 421 3852; x_wconf 78' lang='lat' dir='ltr'>luxuriosis</span> <span class='ocrx_word' id='word_1_302' title='bbox 438 3787 574 3859; x_wconf 87' lang='lat' dir='ltr'>babere;</span> <span class='ocrx_word' id='word_1_303' title='bbox 599 3789 642 3853; x_wconf 83' lang='lat' dir='ltr'>ita</span> <span class='ocrx_word' id='word_1_304' title='bbox 663 3789 747 3851; x_wconf 86' lang='lat' dir='ltr'>enini</span> <span class='ocrx_word' id='word_1_305' title='bbox 766 3802 797 3853; x_wconf 91' lang='lat' dir='ltr'>et</span> <span class='ocrx_word' id='word_1_306' title='bbox 812 3786 966 3851; x_wconf 76' lang='lat' dir='ltr'>Martialis</span> <span class='ocrx_word' id='word_1_307' title='bbox 991 3791 1029 3850; x_wconf 83' lang='lat' dir='ltr'>de</span> <span class='ocrx_word' id='word_1_308' title='bbox 1052 3791 1184 3868; x_wconf 83' lang='lat' dir='ltr'>quodam</span> 
     </span>
     <span class='ocr_line' id='line_1_33' title="bbox 100 3894 538 3980; baseline -0.014 -20"><span class='ocrx_word' id='word_1_309' title='bbox 100 3899 187 3978; x_wconf 77' lang='lat' dir='ltr'>(Lib.</span> <span class='ocrx_word' id='word_1_310' title='bbox 205 3894 514 3980; x_wconf 71' lang='lat' dir='ltr'>1x‚Epigr.xxm)</span> <span class='ocrx_word' id='word_1_311' title='bbox 531 3918 538 3954; x_wconf 72' lang='grc' dir='ltr'><strong><em>ι</em></strong></span> 
     </span>
    </p>
   </div>
   <div class='ocr_carea' id='block_1_5' title="bbox 269 4022 943 4184">
    <p class='ocr_par' dir='ltr' id='par_1_5' title="bbox 269 4022 943 4184">
     <span class='ocr_line' id='line_1_34' title="bbox 269 4022 943 4097; baseline -0.004 -17"><span class='ocrx_word' id='word_1_312' title='bbox 269 4027 304 4080; x_wconf 73' lang='lat' dir='ltr'>Ei</span> <span class='ocrx_word' id='word_1_313' title='bbox 319 4023 406 4093; x_wconf 71' lang='lat' dir='ltr'>Mauri</span> <span class='ocrx_word' id='word_1_314' title='bbox 422 4022 524 4097; x_wconf 83' lang='lat' dir='ltr'>Libyeit</span> <span class='ocrx_word' id='word_1_315' title='bbox 535 4032 639 4077; x_wconf 83' lang='lat' dir='ltr'>eentum</span> <span class='ocrx_word' id='word_1_316' title='bbox 650 4035 717 4077; x_wconf 84' lang='lat' dir='ltr'>itant</span> <span class='ocrx_word' id='word_1_317' title='bbox 725 4023 844 4076; x_wconf 88' lang='lat' dir='ltr'>‹lentibua</span> <span class='ocrx_word' id='word_1_318' title='bbox 854 4024 943 4088; x_wconf 76' lang='lat' dir='ltr'>orbes,</span> 
     </span>
     <span class='ocr_line' id='line_1_35' title="bbox 321 4114 855 4184; baseline -0.006 -14"><span class='ocrx_word' id='word_1_319' title='bbox 321 4116 354 4169; x_wconf 72' lang='lat' dir='ltr'>Fa</span> <span class='ocrx_word' id='word_1_320' title='bbox 366 4128 453 4184; x_wconf 85' lang='lat' dir='ltr'>erepat</span> <span class='ocrx_word' id='word_1_321' title='bbox 463 4115 490 4168; x_wconf 89' lang='lat' dir='ltr'>in</span> <span class='ocrx_word' id='word_1_322' title='bbox 503 4114 593 4169; x_wconf 78' lang='lat' dir='ltr'>uostris</span> <span class='ocrx_word' id='word_1_323' title='bbox 603 4134 679 4168; x_wconf 87' lang='lat' dir='ltr'>aurea</span> <span class='ocrx_word' id='word_1_324' title='bbox 687 4114 774 4168; x_wconf 84' lang='lat' dir='ltr'>lamna</span> <span class='ocrx_word' id='word_1_325' title='bbox 787 4116 855 4169; x_wconf 83' lang='lat' dir='ltr'>toria.</span> 
     </span>
    </p>
   </div>
   <div class='ocr_carea' id='block_1_6' title="bbox 98 4230 1233 4321">
    <p class='ocr_par' dir='ltr' id='par_1_6' title="bbox 98 4230 1233 4321">
     <span class='ocr_line' id='line_1_36' title="bbox 98 4230 1233 4321; baseline -0.011 -15"><span class='ocrx_word' id='word_1_326' title='bbox 98 4242 186 4307; x_wconf 83' lang='lat' dir='ltr'>Nam</span> <span class='ocrx_word' id='word_1_327' title='bbox 204 4240 236 4303; x_wconf 86' lang='lat' dir='ltr'>in</span> <span class='ocrx_word' id='word_1_328' title='bbox 257 4235 377 4321; x_wconf 79' lang='lat' dir='ltr'>magnit</span> <span class='ocrx_word' id='word_1_329' title='bbox 396 4233 560 4311; x_wconf 79' lang='lat' dir='ltr'>convitiis,</span> <span class='ocrx_word' id='word_1_330' title='bbox 581 4233 708 4317; x_wconf 69' lang='lat' dir='ltr'>lingulis</span> <span class='ocrx_word' id='word_1_331' title='bbox 728 4253 797 4296; x_wconf 87' lang='lat' dir='ltr'>anas</span> <span class='ocrx_word' id='word_1_332' title='bbox 817 4237 939 4298; x_wconf 73' lang='lat' dir='ltr'>mensae</span> <span class='ocrx_word' id='word_1_333' title='bbox 960 4230 1185 4318; x_wconf 74' lang='lat' dir='ltr'>anteponebant</span> <span class='ocrx_word' id='word_1_334' title='bbox 1230 4259 1233 4272; x_wconf 87' lang='lat'>·</span> 
     </span>
    </p>
   </div>
   <div class='ocr_carea' id='block_1_7' title="bbox 0 0 1326 4822">
    <p class='ocr_par' dir='ltr' id='par_1_7' title="bbox 0 0 1326 4822">
     <span class='ocr_line' id='line_1_37' title="bbox 0 0 1326 4822; baseline 0 0"><span class='ocrx_word' id='word_1_335' title='bbox 0 0 1326 4822; x_wconf 95' lang='lat' dir='ltr'> </span> 
     </span>
    </p>
   </div>
  </div>
 </body>
</html>
