2640 4822
346 362 385 432 h.
412 363 594 434 ANNAEI
616 362 847 435 stcNEcffi.
1055 368 1136 433 xxix

54 509 197 592 corrupit
209 527 280 571 eum
293 506 380 582 aula,
399 527 457 568 nec
472 508 511 569 ad
524 505 673 569 familiare
688 520 720 569 et
741 519 903 591 cognatum
919 528 1006 591 piene
1030 507 1136 570 vitium

55 613 284 677 adulationem?
300 610 391 674 lleiit.
402 610 553 684 Minimc;
570 612 635 696 ipse
648 615 687 675 ad
695 612 855 676 Neronem
872 637 880 674 :
900 641 915 667 a
928 609 1051 676 Diutius
1064 637 1137 675 mo-

57 722 122 784 rari
133 743 184 782 me
192 720 242 782 hic
254 733 379 803 patere,
393 737 455 780 nou
465 731 498 780 nt
511 718 650 782 blandiar
661 721 852 784 auribustuis
869 744 876 781 :
892 740 950 783 nec
965 721 1047 785 cuim
1060 715 1137 783 mihi

57 829 110 890 hic
121 848 190 890 mos
201 840 261 890 est:
270 825 432 888 maluerim
443 825 523 887 veris
533 825 700 901 offendere,
712 849 804 908 quarn
815 826 936 911 placere
950 829 1135 890 adulando.»

58 933 111 1014 (ll
125 930 176 995 Dc
202 930 325 1009 clem.)
340 929 383 992 Et
397 932 460 1014 jam
480 931 663 1010 moriturus,
686 936 766 1018 apud
783 933 940 1010 Tacitum,
962 934 1072 997 reserri
1087 936 1136 1018 ju-

60 1040 115 1101 bet
127 1038 260 1123 principi
283 1063 291 1098 :
317 1066 332 1092 ιι
351 1037 425 1100 Νοιι
442 1038 500 1100 sihi
515 1054 691 1123 promptum
710 1040 741 1101 in
756 1040 942 1103 adulationes
955 1034 1110 1125 ingtiuium
1127 1066 1135 1102 ι

58 1148 151 1228 idque
165 1145 240 1207 nulli
261 1144 360 1229 magis
378 1165 525 1229 gnarum,
550 1165 641 1226 quam
656 1144 793 1222 Neroni,
813 1145 865 1226 qui
884 1145 991 1230 saepius
1010 1145 1140 1212 liberta-

58 1268 126 1315 tern
139 1250 279 1329 Senecae,
299 1272 392 1334 quam
406 1250 562 1314 servitium
578 1265 718 1336 expertus
733 1265 821 1315 esset.
839 1281 854 1306 n
869 1251 947 1330 (XV
958 1234 1149 1336 Αιιιι.)Αιιι-Ι

59 1359 157 1443 plius,
175 1381 242 1441 quie
260 1380 382 1420 morum
401 1358 528 1439 vitaque
551 1359 689 1436 exactio,
704 1372 735 1421 et
756 1357 1108 1445 exameni'ltcrumipse
1126 1385 1134 1421 a

61 1493 77 1519 «
96 1463 179 1526 Utor
190 1464 250 1527 hac
264 1478 434 1548 potestate,
451 1478 481 1526 et
493 1465 625 1546 quotidie
641 1467 721 1549 apud
736 1487 788 1528 me
805 1487 927 1528 causam
944 1466 1021 1528 dico.
1033 1465 1138 1548 Quum

61 1571 216 1634 sublatmn
230 1592 248 1633 e
265 1571 427 1655 conspectu
445 1570 550 1633 lumen
566 1584 634 1648 est,
658 1584 688 1633 et
706 1571 848 1634 conticuit
864 1594 940 1635 uxor
958 1574 1054 1635 moris
1075 1576 1138 1656 jam

61 1678 127 1739 mei
143 1676 280 1752 conscia,
299 1688 396 1737 totum
419 1675 501 1738 diem
517 1696 638 1738 mecum
661 1690 794 1754 scrutor,
815 1678 893 1740 lacta
918 1699 953 1742 ac
970 1678 1048 1746 dicta
1069 1700 1139 1742 mea

61 1783 221 1845 remetior.
235 1780 321 1844 Nihil
337 1781 413 1843 mihi
427 1779 597 1859 abscondo,
612 1781 688 1843 nihil
701 1796 821 1845 transeo
835 1807 843 1843 ι
858 1805 952 1865 quare
963 1784 1046 1846 enim
1057 1786 1142 1866 quid-

65 1909 161 1969 quam
174 1908 209 1949 ex
221 1887 376 1949 erroribus
385 1886 462 1948 meis
472 1886 615 1961 timeam,
632 1908 725 1969 qutun
738 1888 853 1970 possim
867 1889 968 1952 dicere
991 1913 998 1948 ε
1011 1889 1092 1954 Vide
1101 1912 1140 1954 ue

63 1996 144 2056 istud
171 1992 301 2076 amplius
323 1992 433 2067 iacias,
449 2012 528 2054 nunc
550 1991 604 2053 tibi
623 1991 774 2075 ignosco?
792 2021 807 2047 o
829 1991 895 2074 (Ill
909 1994 960 2056 De
976 1994 1059 2073 Ira.)
1077 1992 1141 2058 Po-

63 2113 125 2161 test
145 2101 245 2181 majus
267 2111 319 2160 aut
350 2096 462 2161 clarius
486 2097 616 2158 studium
641 2097 761 2161 elucere
786 2079 925 2163 virtutis?
947 2098 1089 2183 Denique
1111 2115 1142 2165 et

64 2208 163 2291 pistas
172 2206 204 2268 in
214 2201 318 2267 Deum
328 2217 358 2266 et
371 2203 547 2281 submissio,
559 2204 677 2286 quotics
688 2206 836 2289 apparet?
852 2205 956 2270 Unum
967 2223 1142 2293 excerptum

65 2333 199 2397 posuero
214 2335 223 2372 a
242 2338 258 2365 «ι
272 2308 309 2372 si
317 2310 389 2391 quid
402 2309 501 2372 credis
509 2309 604 2387 mihi,
617 2310 739 2373 intimos
749 2310 873 2375 allectus
886 2336 973 2378 meos
984 2316 1039 2378 tibi
1049 2339 1143 2397 quum

68 2421 199 2483 maxime
214 2420 320 2504 detego
338 2441 345 2478 :
364 2418 398 2479 in
413 2416 554 2480 omnihus
571 2440 637 2500 quac
659 2438 767 2502 aspera
787 2421 926 2483 videntur
941 2435 972 2484 et
984 2426 1080 2500 dura,
1100 2425 1144 2487 sic

69 2529 217 2590 sonnatio
238 2546 316 2587 sum.
335 2523 409 2587 Non
428 2545 522 2608 pareo
542 2521 635 2602 Deo,
656 2527 709 2587 sed
726 2526 897 2600 assentior;
922 2550 959 2590 ex
978 2528 1081 2591 animo
1103 2531 1145 2592 il·
1174 2576 1181 2582 -
1229 2604 1234 2614 Ι

69 2634 151 2709 Ιιιιιι,
167 2652 232 2693 ιιοιι
251 2630 322 2712 qnia
336 2650 459 2693 necesse
471 2641 533 2705 cst,
547 2650 667 2712 sequor.
680 2628 767 2691 Nihil
780 2651 914 2713 unquam
927 2633 1003 2695 mihi
1017 2635 1142 2713 incidet,

71 2743 148 2822 quod
161 2739 257 2802 tristis
272 2737 442 2820 excipiam,
458 2737 541 2818 quod
558 2736 641 2799 malo
658 2736 742 2798 vultu
759 2761 766 2797 :
784 2738 903 2801 unllrnn
926 2740 1073 2802 tributum
1095 2743 1146 2803 in-

72 2851 144 2911 ritus
158 2847 327 2911 conferam.
340 2873 356 2900 o
372 2843 484 2928 (Epist
497 2846 599 2921 xcvi.)
612 2841 655 2906 Et
664 2845 752 2927 plura
765 2859 833 2908 sunt
847 2847 919 2910 talia
928 2848 960 2910 in
973 2847 1147 2914 Mauuduc-
1254 2916 1261 2923 ,

71 2956 168 3032 donc,
183 2967 237 3017 aut
248 2952 460 3037 physiologia,
472 2971 491 3013 a
505 2950 595 3013 nohis
611 2964 724 3014 notata
742 2949 811 3013 Into
833 2966 896 3014 tam
911 2953 999 3018 clarae
1009 2958 1146 3038 quaedam

73 3062 209 3146 pietatis,
230 3073 264 3122 ut
278 3058 485 3123 Tertullianus
504 3070 534 3120 et
549 3057 641 3142 prisci
656 3055 804 3120 Nostrum
815 3060 990 3143 appellent,
1007 3060 1147 3126 Concilia

73 3170 133 3253 ipsa
157 3169 298 3250 quaedam
318 3165 493 3229 auctoritate
523 3165 588 3248 ejus
606 3165 664 3244 (in
688 3163 864 3248 fragmentis
886 3168 993 3250 posui)
1017 3183 1150 3236 utantur.

75 3275 170 3358 Atque
187 3277 265 3336 adeo
286 3271 370 3334 Otho
385 3269 585 3355 frisingensis
600 3282 716 3333 asserat
732 3294 740 3331 ι
759 3298 773 3324 «
792 3267 830 3332 L.
846 3269 996 3337 &nocam
1009 3297 1070 3337 uon
1085 3291 1149 3340 tam

71 3379 303 3464 Philosophmn,
318 3398 410 3460 quarn
422 3376 629 3441 Christianum
636 3377 806 3440 diceudtms.
819 3406 835 3432 »
847 3376 946 3462 Atque
959 3382 1001 3444 oh
1009 3383 1065 3445 has
1077 3385 1152 3446 emi·

75 3503 179 3552 nentes
192 3489 336 3562 virtutes,
355 3484 446 3547 etiarn
459 3484 514 3546 illo
524 3505 611 3560 oso,
627 3485 733 3568 ingens
743 3485 781 3547 dc
797 3506 834 3547 eo
853 3487 976 3570 opinio,
991 3503 1020 3551 et
1033 3491 1081 3553 vel
1094 3492 1152 3554 im·

75 3598 159 3680 perio
176 3594 376 3659 destinabant.
395 3592 641 3677 Tacitus'apertc
663 3591 724 3655 hoc
744 3593 889 3676 agitatum
912 3597 1016 3659 scribit
1042 3622 1049 3656 :
1075 3627 1090 3652 a
1108 3598 1152 3663 Ut

75 3705 244 3766 traderetur
266 3700 431 3785 imperium
444 3697 591 3777 Senecae,
616 3699 702 3780 quasi
717 3699 845 3778 insonti,
865 3700 1041 3766 claritudine
1055 3706 1154 3768 virtu-

75 3823 138 3871 tum
153 3812 192 3871 ad
207 3828 360 3892 summum
376 3805 526 3889 fastigitnn
549 3805 669 3869 dilecto.
679 3833 694 3859 o
709 3804 787 3885 (XV
799 3805 895 3886 Anu.)
905 3807 937 3870 Ο
952 3808 1072 3889 Roma,
1090 3835 1152 3876 non

75 3914 219 3978 manebat
239 3927 269 3975 te
279 3913 345 3976 haec
360 3911 506 3989 felicitas,
520 3933 577 3975 nec
587 3907 675 3974 Deus
685 3912 728 3975 sic
738 3913 872 3996 respexit
886 3915 893 3974 l
906 3901 1050 3998 Alioqui,
1140 3937 1149 4002 J

190 4042 284 4096 Lihera
297 4043 318 4096 si
331 4042 424 4096 dentur
437 4041 531 4115 populo
541 4041 663 4115 suffragia
672 4080 681 4111 ,
691 4040 748 4113 quis
759 4053 810 4093 tam

194 4133 312 4188 Perditus
323 4170 331 4199 ,
341 4145 369 4187 nt
382 4131 478 4186 dubitet
489 4133 612 4187 Senecam
623 4133 741 4206 preferre
752 4131 871 4186 Neroni?

685 4222 812 4292 (Juvat.
828 4222 888 4278 Sat.
898 4224 959 4292 Χ.)
