2640 4816
175 442 202 487 x
497 412 761 485 EDITORIS
795 414 930 487 NOVI

179 530 413 630 deprehendi,
434 537 495 628 qui
512 558 648 629 operam
663 558 757 604 suam
771 539 923 607 criticam
941 560 1018 606 cum
1030 540 1112 608 eura
1125 555 1160 607 et
1173 564 1253 610 suo-

177 676 276 723 oessu
290 653 326 719 in
340 653 434 720 hisce
448 652 610 745 operibus
622 653 843 722 emendandis
855 657 1034 748 posuisset.
1051 659 1091 724 In
1105 682 1250 750 quorum

179 770 474 841 emendationibus
488 767 694 837 adhibendis
705 768 770 839 hoc
784 788 946 863 sequutus
959 778 1031 842 sum
1046 775 1224 844 consilium
1238 826 1247 859 ,

179 901 217 954 ut
230 885 343 966 bona,
360 906 436 975 quse
453 882 665 965 attulissent,
682 885 736 951 vel
751 888 787 953 in
805 901 931 954 textum
945 888 1179 976 immitterem,
1194 891 1250 960 rel

178 1003 215 1069 in
232 1002 385 1094 margine
405 999 638 1083 subnotarem,
652 1000 783 1091 judicio
802 1024 875 1069 meo
895 1002 1124 1095 qualicunque
1139 1028 1249 1098 appo-

178 1119 263 1200 sito,
288 1116 354 1183 alia·
373 1139 513 1209 prorsus
538 1117 673 1184 silentio
699 1119 984 1201 transmitterem,
1007 1120 1073 1188 alia
1097 1124 1251 1213 quamvis

180 1230 321 1327 rejicula
337 1234 532 1326 speciminis
551 1233 624 1300 loco
640 1232 830 1301 allinerem.
850 1237 980 1302 Praeter
995 1235 1165 1304 editiones
1178 1236 1250 1329 jam

178 1344 331 1417 laudatas
344 1346 505 1416 contendi
517 1372 652 1442 quoque
665 1350 890 1419 Basileensem
903 1376 959 1446 ap.
968 1354 1020 1419 Jo.
1039 1353 1249 1445 Hervagiurn

179 1462 296 1532 Desid.
306 1465 448 1547 Erasmi,
463 1488 538 1556 quae
549 1464 760 1534 emendatior
770 1466 1157 1560 prodiitMDXXXVIl.
1169 1467 1247 1549 lol.,

180 1602 248 1673 qua
270 1582 462 1651 Gronovius
484 1605 550 1649 non
568 1605 648 1650 usus
664 1598 733 1666 est,
753 1585 880 1677 quippe
898 1585 956 1676 qui
977 1583 1082 1651 multo
1100 1583 1250 1675 priorem

179 1706 260 1773 anni
271 1705 407 1773 bev
413 1703 598 1772 contendit.
607 1706 787 1774 Nonnullis
797 1706 880 1775 locis
889 1706 1065 1774 manifesto
1080 1708 1251 1798 corruptis

180 1820 346 1891 medelam
365 1820 448 1888 alias
468 1820 593 1888 frustra
618 1822 792 1914 quaesitam
814 1874 823 1905 ,
852 1819 1033 1890 dummodo
1055 1823 1123 1889 levi
1147 1820 1253 1890 ductu

181 1937 258 2005 fieri
281 1936 316 2004 id
335 1953 476 2029 posset,
498 1935 720 2029 conjectando
742 1937 968 2006 'adhibendam
993 1937 1122 2018 malui,
1149 1960 1252 2029 quarn

178 2054 357 2120 lectionem
374 2052 577 2120 salebrosam
595 2054 813 2145 relinquere,
834 2055 871 2119 in
886 2053 1039 2145 margine
1055 2068 1167 2119 tamen
1181 2049 1253 2118 lee-

180 2167 294 2250 tio'ne,
311 2186 411 2260 quam
429 2169 539 2260 ejeci,
561 2169 760 2254 subnotata,
781 2191 951 2258 causaque
969 2166 1163 2233 mutationis
1186 2163 1250 2232 ad·

174 2282 306 2375 juncta.
329 2283 481 2352 Modeste
505 2283 644 2375 quidem
667 2284 731 2352 hac
750 2284 906 2381 libertate
932 2282 1094 2366 editoris,
1121 2278 1164 2347 dc
1183 2302 1251 2371 qua

180 2397 331 2469 nondum
346 2400 389 2468 lis
401 2399 445 2467 ad
459 2398 627 2491 liquidum
642 2398 787 2467 deducta
801 2422 875 2466 esse
890 2397 1049 2479 videtur,
1065 2418 1146 2463 usus
1159 2418 1247 2462 sum.

180 2517 342 2609 Inprimis
364 2541 445 2584 vero
465 2517 795 2609 interpunctionem,
818 2538 920 2607 quam
938 2512 1061 2581 editori
1081 2513 1189 2605 magis
1206 2511 1252 2579 li-

180 2629 298 2699 beram
319 2654 415 2712 esse‚
439 2631 648 2722 potissimum
667 2630 704 2697 in
720 2630 869 2709 Seneca,
891 2641 1034 2709 constat,
1057 2627 1103 2692 ita
1120 2640 1252 2716 tempe·

183 2747 276 2828 ravi,
297 2762 336 2814 ut
353 2768 421 2813 non
438 2747 546 2813 solum
564 2746 665 2813 lectio
688 2743 896 2813 commodior
921 2758 957 2811 et
979 2744 1097 2810 utilior
1118 2736 1253 2807 reddita

181 2880 275 2944 esse,
292 2863 352 2931 sed
366 2864 440 2955 ipse
454 2885 590 2954 quoque
606 2878 723 2928 auctor
741 2859 818 2952 plus
831 2860 936 2927 semel
952 2861 1079 2927 erroris
1092 2855 1254 2936 crimine,-

181 3004 250 3072 quo
268 2978 512 3073 premebatur,
531 2977 704 3046 absolutus
720 2975 890 3044 videatur.

236 3123 251 3160 n
273 3095 378 3187 Quod
392 3096 429 3161 in
446 3094 661 3162 enarratione
680 3092 878 3185 Philosophi
894 3093 1044 3160 virorum
1063 3089 1164 3158 laude
1177 3114 1257 3157 mea·

182 3211 367 3301 majorum,
389 3210 447 3300 qui
467 3223 546 3275 ante
562 3226 617 3275 me
633 3208 794 3275 Senecam
813 3206 1070 3299 expoliverunt,
1096 3206 1253 3297 inprimis

180 3326 288 3417 Lipsii
305 3340 340 3391 et
356 3323 520 3392 Gronorii
534 3322 686 3414 vestigiis
706 3322 886 3403 insistere,
906 3338 940 3389 et
957 3343 1074 3388 eorum
1098 3320 1253 3388 doctrina

182 3460 284 3535 atque
307 3440 464 3509 acumine
488 3439 538 3506 uti
558 3438 713 3530 placuit,
737 3437 773 3505 id
795 3463 876 3507 vero
894 3437 987 3505 nulla
1005 3437 1090 3503 mibi
1112 3461 1251 3506 excusa·

183 3566 273 3634 tione
300 3588 384 3658 opus
408 3586 480 3631 esse
506 3560 654 3632 ridetur.
675 3563 807 3629 Etenim
827 3576 954 3628 tantum
974 3559 1119 3641 absum,
1143 3577 1182 3627 ut
1204 3563 1255 3629 vi·

181 3706 297 3751 rorum
321 3705 401 3750 vere
423 3679 591 3748 clarorum
616 3680 735 3747 merita
759 3677 803 3749 de
829 3680 956 3748 Seneca
984 3677 1080 3769 parvi
1106 3677 1251 3760 faciam,

181 3814 242 3866 aut
260 3797 302 3867 de
323 3797 410 3865 lama
429 3820 547 3864 eorum
564 3793 764 3877 detraham,
790 3795 916 3886 quippe
937 3792 1062 3882 quibus
1076 3815 1117 3858 ex
1135 3792 1254 3858 inferis

182 3913 278 3983 nulla
296 3912 474 3982 refellendi
500 3928 534 3979 et
559 3911 767 4004 coarguendi
795 3909 1037 3975 obtrectatores
1057 3904 1255 3973 conceditur

182 4031 437 4125 opportunitas,
453 4044 491 4097 ut
507 4028 596 4095 nihil
614 4024 787 4114 antiquius
803 4038 836 4088 et
854 4023 1001 4089 sanctius
1019 4018 1160 4088 habeam
1180 4037 1255 4089 stu-

183 4144 240 4209 ‹lio
254 4190 265 4226 ,
282 4143 442 4232 reliquias
461 4165 578 4209 corum
596 4137 728 4218 doctas,
746 4136 919 4203 asor-itate
934 4152 1048 4203 tamen
1062 4150 1096 4203 et
1110 4135 1255 4203 utilitato
