2640 4822
456 60 459 71 ³
505 115 808 189 PRAEFATIO.
1152 145 1196 191 xv

113 258 213 311 tenus
228 241 326 317 nosci
344 255 501 331 poterat,
520 239 749 320 servavimus,
768 239 815 307 ita
829 252 941 307 tamen
958 252 997 307 ut
1015 237 1123 309 libros
1139 241 1196 311 in-

112 371 165 431 ter
172 380 265 448 quos
282 356 399 447 aliqua
417 354 565 423 mntcrioe
577 352 764 423 similitudo
778 354 958 435 intererat,
972 376 1043 429 non
1056 354 1140 425 ulios
1149 356 1194 429 sb

111 472 190 539 aliis
204 470 480 562 sejungeremus.

162 586 484 680 Itaquslvoluusini
497 600 574 679 post
584 588 720 655 Senecae
728 564 926 678 vitum,post
934 587 1029 657 varia
1041 603 1194 657 veterum

113 717 295 777 auctorum
312 699 356 769 de
374 702 447 792 ipso
458 698 618 792 judicis,
648 698 731 767 etl.
756 699 862 791 Lipsii
882 700 1193 786 Mandronem,

115 841 194 910 quos
211 838 297 885 vere
320 818 357 884 in
378 839 513 895 omnem
535 815 681 885 Stoicam
708 814 957 907 philosophiam
974 818 1072 908 quasi
1094 842 1198 887 manu

116 937 298 1003 lectorem
316 931 524 1013 introducit,
554 945 715 1000 tractatus
735 928 899 999 denariis
914 932 1119 1016 virtutibus,
1139 948 1199 1004 sut

118 1049 223 1130 vitiis,
241 1046 375 1128 delta,
392 1049 435 1115 de
455 1048 638 1115 Clementia
647 1096 659 1126 ‚
681 1047 723 1113 de
743 1046 995 1140 Tranquillitate
1011 1053 1134 1133 amnti,
1155 1051 1198 1119 de

122 1160 319 1230 Constantia
334 1159 523 1250 Sapientis,
537 1161 580 1226 ds
593 1159 688 1240 Orio,
705 1160 747 1225 de
760 1160 926 1227 Brevitate
940 1164 1040 1260 ttius,
1056 1162 1099 1229 de
1116 1164 1199 1233 Vua

118 1277 221 1357 beorn
244 1275 313 1345 boc
336 1276 459 1347 ordine
480 1276 726 1369 assignavimus
747 1303 757 1360 3
788 1299 808 1342 n
834 1275 934 1345 libris
959 1276 1002 1342 de
1024 1275 1088 1345 Ira
1113 1278 1198 1347 inci-

121 1391 254 1484 pientes
285 1413 369 1481 quos
402 1389 529 1482 primos
558 1389 731 1468 omnium,
764 1388 919 1480 Caligula
948 1387 1062 1459 adhuc
1091 1392 1194 1474 sivo,

118 1505 265 1599 scriptos
288 1528 362 1573 csse
380 1506 460 1573 satis
473 1520 615 1574 constat.

170 1622 206 1691 11
223 1621 293 1689 vol.
316 1621 557 1691 destinavimus
571 1624 683 1694 varios
695 1621 739 1690 dc
754 1622 992 1690 Consolatione
1007 1621 1135 1714 libros,
1151 1624 1195 1695 iis

124 1739 369 1830 praemittentes
382 1738 581 1831 opusculum
595 1741 638 1807 de
650 1739 864 1807 Providentia
869 1786 881 1819 ,
899 1740 972 1807 sive
986 1764 1089 1835 quare
1105 1741 1198 1813 bonis

121 1858 206 1922 viris
222 1857 318 1940 mala
332 1855 485 1923 accidunt
498 1905 510 1936 ,
532 1853 625 1947 quod
639 1871 690 1925 est
709 1856 807 1948 quasi
823 1854 1030 1924 introductio
1048 1853 1092 1926 sd
1106 1859 1199 1926 Con-

118 1971 302 2041 solatorios
318 1969 437 2039 libros.
455 1972 549 2040 Duas
562 1971 610 2037 od
628 1972 786 2039 Helorum
800 1985 836 2039 st
852 1970 907 2065 od
916 1969 1084 2039 Marciam
1105 1971 1202 2045 cons

119 2090 303 2163 solutiones
318 2087 460 2171 alteram
478 2085 578 2157 alteri
591 2089 832 2179 apposuimus3
855 2087 984 2178 quippe
1002 2087 1130 2178 quihus
1145 2112 1199 2161 eae

124 2211 204 2279 dcm
222 2210 295 2278 sere
307 2210 448 2277 materia
461 2225 625 2277 tractatur
641 2233 725 2276 :nec
738 2209 868 2277 ludum
883 2209 926 2275 de
947 2228 1053 2277 morte
1070 2210 1207 2280 Claudii·

133 2326 272 2395 Coesan's
289 2349 310 2393 s
330 2324 563 2394 Consolatione
576 2325 624 2391 od
637 2323 832 2416 Polybium,
849 2324 947 2417 cujus
966 2341 1018 2393 est
1038 2340 1197 2419 tanquam

129 2441 325 2525 Pslinnffla,
352 2440 600 2535 sejungendum
629 2463 702 2508 esse
726 2441 906 2509 voluimus.
937 2443 1096 2535 Denique
1123 2460 1201 2536 post

130 2559 188 2627 ills
214 2558 355 2626 moralia
384 2582 487 2652 opera
513 2557 613 2623 libros
629 2558 671 2621 de
696 2557 869 2648 Beneficiis
896 2555 1110 2624 collocandos
1136 2582 1199 2626 cu-

132 2679 280 2746 ravimus
297 2703 306 2761 3
323 2676 437 2743 cuncti
459 2675 548 2742 enim
567 2672 750 2766 scriptores
768 2672 805 2737 in
823 2672 889 2739 hoc
912 2675 1128 2742 consentiunt
1145 2699 1203 2743 eos

131 2795 282 2861 omnium
299 2793 436 2860 ultimos
450 2792 594 2883 scriptos
607 2813 693 2871 csse,
712 2789 916 2881 Senecajam
934 2814 1026 2859 sene.
1153 2764 1170 2799 χ

176 2910 230 2976 ΙΠ
248 2923 283 2975 et
298 2909 345 2975 IV
359 2907 427 2976 vol.
452 2905 643 2999 implebunt
666 2905 829 2994 Epistolae
848 2908 1012 2989 morales,
1040 2932 1125 3000 quas
1145 2909 1200 2976 di-

132 3022 240 3090 versis
256 3045 336 3088 sanc
354 3019 579 3114 temporibus,
599 3017 660 3087 scd
675 3021 862 3112 praesertim
878 3022 977 3090 senili
991 3038 1110 3107 aetste,
1125 3025 1203 3118 pbi-

131 3137 294 3231 losophus
306 3152 421 3205 noster
433 3135 608 3227 scripsisse
623 3132 760 3202 videtur
772 3161 781 3222 ;
795 3135 850 3203 his
867 3136 1087 3228 subjiciemus
1101 3140 1201 3207 Com-

132 3255 289 3318 mercium
309 3253 493 3317 litterarum
512 3248 650 3316 Seneeae
668 3267 701 3315 et
720 3251 783 3316 divi
805 3255 948 3340 apostoli
963 3254 1089 3337 Panlt',
1110 3256 1204 3346 quod

131 3370 266 3438 etiamsi
286 3368 537 3461 supposititium
555 3365 729 3446 videntur,
752 3368 817 3435 hoc
836 3369 919 3436 utile
938 3387 972 3438 et
992 3373 1107 3440 multis
1121 3398 1205 3464 gra-

133 3504 206 3552 tum
220 3486 286 3552 erit
300 3483 392 3575 quod
409 3484 510 3551 miras
525 3480 762 3550 similitudines
777 3498 846 3572 tum
862 3490 1121 3574 sententiarum,
1136 3505 1204 3559 tum

131 3602 237 3668 ctiam
256 3600 438 3667 verborum
457 3597 668 3667 Christianos
684 3600 774 3664 inter
788 3615 823 3666 et
839 3601 967 3671 Stoicos
982 3606 1143 3696 praebcnt.

188 3718 215 3780 V
242 3713 310 3781 vol.
333 3711 521 3781 continebit
543 3712 745 3803 Quoestiones
766 3717 959 3794 naturales,
986 3716 1030 3783 ab
1052 3719 1209 3789 omnibus

134 3830 214 3897 aliis
240 3829 340 3895 libris
359 3851 497 3920 prorsus
519 3825 689 3893 diversum
711 3841 745 3893 et
763 3831 813 3893 sui
831 3833 962 3931 generis
980 3854 1090 3922 opus,
1118 3833 1209 3926 quod
