2640 4822
364 387 406 456 n.
431 386 613 454 ANNAEI
636 384 867 454 sennem.
1076 389 1157 473 um

78 555 137 618 per
145 533 256 594 urbem
266 575 277 608 ‚
287 531 376 612 quasi
388 529 560 592 valetudine
573 528 711 605 insensa,
727 540 779 591 aut
794 528 947 610 sapientire
957 525 1061 588 studiis
1075 527 1159 588 domi

79 641 271 702 autumem.
288 664 305 691 υ
318 634 394 699 llaec
406 655 469 697 non
486 648 554 697 suut
567 655 625 718 pro
642 653 724 695 noro
735 633 883 706 coum,
897 631 1051 694 autetiam
1060 632 1161 694 mndi-

80 749 154 808 dstn
164 769 174 805 ε
184 758 215 806 et
228 764 313 805 mors
323 744 388 825 ejus
396 762 459 804 uon
467 742 520 804 diu
532 753 714 826 postsecus
722 736 1048 820 sanassentiriQuid
1057 751 1160 800 tamen

80 852 183 914 movit
206 851 409 914 vicedonne
426 849 472 912 sic
490 847 663 932 suspicari?
677 845 771 929 Quod
784 845 908 910 'l'acittn
929 845 984 908 illo
1005 866 1087 908 suno
1099 843 1162 910 SC.

80 959 197 1022 sactum
208 956 324 1034 scribit,
334 985 350 1012 «ι
359 979 398 1019 ue
407 957 547 1019 simulata
556 956 680 1041 adoptio
688 956 720 1017 in
732 955 795 1018 ulla
804 969 892 1040 parte
902 955 1039 1018 muneris
1047 954 1162 1039 publici

79 1067 219 1146 juvaret,
234 1085 270 1127 ae
284 1084 324 1125 ne
337 1063 515 1148 usurpandis
528 1063 651 1145 quidem
663 1061 879 1125 hereditatibus
892 1064 1058 1149 prodesset.
1071 1087 1087 1115 υ
1099 1059 1161 1123 Sed

79 1169 222 1253 prolecto
237 1169 313 1231 nibil
335 1169 394 1233 boc
410 1172 449 1231 ad
468 1156 700 1233 Trebellianum
709 1168 807 1233 illud:
825 1169 887 1232 alio
904 1181 1035 1254 spectat,
1050 1167 1076 1229 si
1094 1167 1161 1248 quis
1269 1206 1278 1216 -

78 1277 188 1360 priora
199 1278 292 1339 etiam
305 1277 360 1339 illa
374 1279 405 1338 in
417 1277 527 1341 Tacito
540 1276 623 1361 legit.
635 1276 740 1358 tuque
751 1275 843 1340 luisse
855 1276 994 1359 equidem
1005 1273 1161 1338 consulem

79 1383 262 1461 consentio,
283 1387 337 1447 sed
348 1382 410 1446 alio
428 1397 459 1446 ct
471 1382 576 1467 priore
589 1396 730 1468 tempore
745 1407 752 1443 ε
766 1405 823 1448 nec
843 1396 927 1446 certo
943 1381 1109 1467 designem.
1120 1379 1161 1444 Ar

79 1504 246 1574 perpetuus
259 1490 312 1552 itte
331 1491 396 1572 ejus
411 1488 512 1553 bonos
524 1536 533 1568 ,
547 1490 694 1574 principis
707 1492 864 1553 doctorem
874 1492 1160 1570 moderatoremque

77 1597 174 1660 fuisse
184 1622 192 1659 ι
202 1598 310 1682 optimi
326 1618 398 1661 sane
408 1644 416 1675 ‚
428 1598 573 1680 qrtamdiu
586 1598 674 1682 hujus
685 1596 819 1661 consiliis
829 1597 1011 1680 mundisque
1022 1618 1055 1660 se
1068 1597 1159 1659 dedit.

75 1704 206 1768 'l'acitus
220 1724 283 1767 non
294 1704 394 1782 celat,
408 1717 437 1767 et
447 1706 523 1767 duos
537 1705 695 1777 nominat,
715 1703 824 1786 quibus
841 1704 954 1768 utiliter
969 1703 1111 1789 princeps
1126 1686 1159 1766 se

78 1811 229 1896 permisit.
249 1841 265 1867 u
287 1809 391 1873 lbatur
408 1811 439 1872 in
457 1813 553 1874 mdes
571 1811 630 1872 nisi
650 1808 795 1874 Afranius
816 1810 954 1887 Burrus,
977 1824 1008 1874 et
1026 1809 1160 1873 museus

77 1917 220 1990 Seneca,
239 1936 271 1979 se
297 1917 488 2002 objecissent.
509 1914 554 1980 lli
576 1929 711 1981 rectores
732 1918 936 2002 imperatoriae
956 1920 1105 2002 juventae,
1130 1930 1161 1980 et
1225 2000 1228 2005 Ι

77 2026 148 2110 pari
173 2024 205 2086 ln
232 2024 375 2087 societate
397 2024 538 2108 potentiae
564 2027 751 2102 concordes,
784 2025 901 2088 diversa
924 2039 987 2088 arte
1013 2046 1159 2107 exaequo

77 2128 249 2217 pollebant.
270 2128 387 2194 Burrus
401 2130 583 2194 militaribus
596 2132 696 2208 curis,
714 2144 744 2194 et
761 2133 920 2195 severitate
934 2153 1056 2194 morum
1076 2156 1083 2191 z
1101 2130 1158 2194 Se·

75 2260 156 2302 neca
169 2239 330 2324 praecptis
346 2237 545 2318 eloquentiae,
563 2250 593 2299 et
608 2237 749 2301 comitate
761 2237 888 2301 honesta
906 2262 913 2298 ε
928 2241 1064 2322 juvantes
1084 2238 1160 2300 invi-

76 2369 172 2424 cem,
188 2368 249 2428 quo
264 2344 382 2411 facilius
400 2345 550 2409 lubricam
572 2345 717 2430 principis
737 2359 874 2421 aetatem,
897 2348 923 2408 si
943 2346 1085 2409 virtutem
1106 2367 1159 2408 as-

78 2466 284 2537 pernaretur,
300 2452 503 2535 voluptatibus
526 2451 676 2515 concessis
696 2452 871 2515 retinerent.
890 2480 905 2505 υ
922 2451 958 2515 0
974 2452 1158 2515 laudabilem

77 2571 240 2637 conatum,
261 2573 292 2621 et
307 2580 487 2621 consensum
499 2558 508 2618 l
522 2556 731 2634 consensum,
746 2558 798 2640 qui
811 2557 902 2620 nimis
916 2578 1003 2622 raros
1016 2561 1049 2621 in
1063 2557 1156 2635 aulis,
1177 2572 1182 2591 ⁸

78 2662 134 2725 ubi
147 2664 274 2748 quisque
282 2665 325 2727 ita
332 2665 468 2728 eminere
478 2663 543 2726 fere
555 2663 628 2741 vult,
641 2677 674 2725 ut
685 2664 778 2725 alium
787 2664 873 2726 nolit.
883 2662 945 2726 Sed
952 2664 991 2726 ad
999 2662 1157 2726 Senecam.

506 2842 675 2909 CAPUT
702 2845 742 2905 V.

300 3005 419 3066 Privata
431 3007 492 3065 vitu
505 3049 513 3080 ,
532 3025 634 3064 uxores
646 3049 655 3079 ‚
671 3004 772 3072 liberi,
791 3003 935 3064 exsilium.

124 3162 184 3225 llle
205 3163 237 3222 in
259 3159 384 3244 publico
411 3158 519 3240 ecquid
537 3158 620 3220 slittd
639 3158 788 3241 gesserit.
806 3158 887 3220 baud
911 3159 976 3220 scio
993 3159 1159 3242 :privatim

78 3270 225 3354 reperio,
240 3281 293 3330 aut
304 3280 389 3329 certe
401 3265 530 3349 colligo,
543 3265 577 3326 in
589 3262 728 3349 Egypto
738 3265 963 3328 adolescentem
976 3265 1068 3329 sitisse
1081 3311 1090 3342 ‚
1103 3287 1160 3329 oc-

80 3379 208 3441 casione
235 3376 318 3456 quod
340 3373 505 3437 avunculus
527 3371 686 3456 praefsctus
707 3372 752 3434 ibi
777 3387 865 3436 esset·
881 3372 974 3435 'Nam
998 3373 1102 3436 scribit
1119 3375 1159 3434 dc

79 3496 269 3557 enatem,
295 3483 334 3542 sd
357 3493 488 3542 matrem
506 3502 515 3539 ι
543 3504 558 3535 ι
578 3477 763 3561 Ereurplum
781 3479 836 3541 tibi
858 3498 967 3555 sunu,
991 3481 1075 3562 cujus
1092 3477 1160 3560 ipse

79 3601 235 3673 spectator
246 3584 312 3663 lui,
327 3586 472 3647 narrabit
485 3612 502 3641 n
514 3583 656 3666 (Consol.
671 3588 710 3647 td
724 3583 818 3648 llelv.
829 3607 894 3670 cap.
909 3589 1160 3667 21.)Spcctutor?

78 3717 158 3780 ergo
169 3696 199 3756 in
213 3694 403 3778 navigatione
413 3713 451 3756 ea
465 3692 620 3774 adluit(d'e
635 3714 695 3774 qua
709 3694 768 3772 ibi)
782 3715 876 3775 quum
890 3715 926 3756 ex
937 3692 1075 3778 AEgypto
1089 3715 1161 3754 ma-

80 3817 198 3865 tertere
211 3802 334 3864 rediret.
350 3798 393 3863 Et
408 3802 583 3882 quomodo,
595 3801 655 3863 nisi
668 3801 733 3885 ipsc
741 3801 839 3863 etiarn
844 3823 885 3863 er
894 3799 1055 3886 Egypto?
1066 3798 1160 3862 Plane

80 3911 125 3970 ita
140 3908 198 3971 luit
212 3929 221 3966 t
236 3920 270 3970 et
283 3907 348 3970 haee
361 3926 539 3983 cuusa‚cur
554 3907 691 3991 pluscula
700 3909 743 3970 de
760 3907 828 3990 ipss
846 3905 1006 3991 slligypto,
1023 3919 1054 3968 et
1066 3906 1159 3981 Nilo,
1222 3963 1229 3988 „

79 4014 201 4077 curiose
215 4013 302 4075 libris
316 4015 505 4096 (praesertim
523 4012 734 4096 Quaestionem
755 4013 973 4091 Neturalium)
1000 4013 1162 4096 iusqerqat.

81 4118 236 4182 fortassis
250 4133 327 4182 etex
344 4119 482 4206 AEgyptn
495 4123 536 4184 ad
550 4119 643 4183 ludite
659 4121 813 4195 urasivit‚
829 4142 885 4203 per
901 4140 985 4181 mare
997 4117 1159 4181 llubnrm:

78 4225 362 4309 atq-eitadelndia
370 4227 573 4291 commentari
584 4226 679 4290 voluit
690 4252 698 4299 ς
711 4224 810 4288 Plinio
822 4226 977 4309 scriptum.
994 4222 1079 4304 (bib.
1095 4224 1161 4295 Vl,
1216 4291 1220 4298 ,
