2640 4822
194 366 293 431 xxxiv
441 362 509 429 DE
534 362 665 430 VITA
689 363 759 432 ΕΤ
783 367 1032 445 SCRIPTIS
1093 366 1096 371 ’

190 509 274 570 niam
293 504 414 569 Senecae
427 506 546 590 tangit?
568 482 620 566 sed
640 507 733 568 verba
756 511 923 575 examinata
945 511 1074 574 nonhuc
1090 480 1272 576 eurttAlius
1313 478 1316 487 Ι

192 613 314 677 videbit.
850 696 861 709 θ

609 742 770 808 CAPUT
792 746 852 808 tx.

547 876 673 959 Corpus,
692 879 798 954 mordt‘,
809 878 919 957 fhrrrra.
953 872 960 881 ’

231 1032 347 1105 Finivi,
363 1030 421 1093 nisi
434 1030 535 1115 placet
553 1032 591 1093 de
609 1052 738 1114 corpore
760 1032 873 1114 aliquid
893 1036 986 1098 addi:
1005 1051 1035 1098 et
1043 1038 1127 1119 juvat
1145 1057 1270 1120 magno

189 1161 260 1203 rum
275 1139 468 1222 ingeniorum
488 1136 579 1198 etiam
600 1135 792 1214 habitacula,
807 1153 843 1200 ut
859 1141 902 1204 sic
915 1143 1014 1204 dicam
1027 1188 1035 1218 ,
1049 1143 1179 1205 novisse.
1193 1143 1271 1205 Cor-

189 1267 265 1332 pore
283 1245 373 1329 igitur
390 1241 549 1326 apueritia
566 1242 687 1305 infirmo
701 1242 766 1306 suit.
778 1244 847 1328 Ipse
858 1247 895 1311 dc
913 1263 1095 1324 matertera,
1108 1263 1270 1332 postquam

187 1349 220 1410 in
237 1346 345 1408 urbem
360 1345 495 1428 perlatus
515 1357 593 1407 esset
613 1368 620 1400 τ
641 1372 655 1398 «ι
674 1344 759 1406 lllius
771 1347 823 1429 pio
835 1361 1032 1431 maternoque
1043 1350 1194 1427 nutricio,
1212 1373 1270 1434 per

186 1455 312 1538 longum
324 1467 443 1536 tempus
455 1473 551 1535 teger,
564 1450 714 1514 convalui.
729 1481 743 1506 ι»
758 1451 906 1532 (Consol.
924 1458 962 1517 ad
976 1453 1089 1528 Helu,
1109 1477 1166 1540 cap
1199 1454 1272 1534 ιδ.)

187 1560 228 1624 Et
240 1563 272 1622 in
288 1559 414 1645 epistola
433 1560 563 1641 quadam
587 1581 596 1616 t
622 1585 636 1611 «ι
658 1555 799 1643 Longum
813 1560 889 1621 mibi
902 1575 1107 1624 commeatum
1126 1562 1269 1624 valetudo

195 1670 339 1744 dederat,
356 1679 482 1751 repente
501 1665 604 1727 evasit.
621 1661 692 1745 Quo
709 1668 844 1750 genere?
861 1667 987 1749 inquies.
1008 1666 1138 1731 Prorsus
1158 1670 1269 1731 merito

188 1775 382 1858 interrogas:
401 1774 477 1834 adeo
497 1771 614 1832 nullum
627 1772 703 1834 mibi
722 1773 858 1857 ignotum
868 1772 926 1836 est.
950 1772 1010 1836 Uni
1030 1789 1133 1837 tamen
1155 1776 1268 1838 morbo

189 1881 275 1963 quasi
292 1879 461 1962 assignatus
482 1899 548 1940 sum
566 1902 574 1937 ε
592 1899 683 1959 quem
704 1901 798 1960 quare
824 1877 934 1943 Graeco
954 1882 1077 1943 nomine
1091 1882 1268 1965 appellem,

188 1987 322 2049 nescio:
352 1986 423 2048 satis
452 1985 534 2046 enim
562 1997 632 2077 apte.
652 1984 710 2046 dici
735 1986 897 2069 suspirium
928 1986 1088 2069 (asthma)
1119 2003 1268 2072 potest.»

193 2092 310 2178 (Epist.
325 2096 412 2171 btv.)
427 2090 469 2154 Et
478 2111 550 2153 mox
562 2092 643 2153 addit
657 2114 664 2150 :
683 2089 825 2153 «Omnia
840 2093 978 2175 corporis
992 2107 1043 2155 aut
1055 2094 1268 2172 incommoda,

191 2215 243 2263 ant
257 2199 412 2284 pericula,
436 2219 494 2281 per
512 2219 563 2259 me
587 2198 777 2259 transierint
798 2225 813 2250 υ
833 2196 914 2260 vade
934 2198 1064 2275 senem,
1081 2197 1160 2260 bene
1182 2221 1270 2263 exer-

191 2301 334 2365 citatum!
353 2300 404 2381 qui
421 2300 513 2361 etiam
534 2297 710 2360 adolescens¹
729 2297 979 2360 destillationibus
996 2313 1118 2361 rexatus
1138 2299 1212 2376 suit,
1239 2316 1270 2363 et

194 2427 253 2492 per
271 2426 323 2468 eas
343 2405 499 2469 videbatur
514 2406 553 2464 ad
569 2403 671 2464 tabem
684 2403 740 2501 ire.
755 2391 824 2501 lpse
839 2404 949 2465 iterum
968 2429 976 2462 ε
995 2434 1009 2460 ιι
1024 2405 1140 2468 Vexari
1153 2418 1183 2468 te
1197 2409 1268 2469 des-

194 2513 391 2578 tillationibus
406 2511 520 2574 crebris
538 2533 575 2572 ac
589 2509 781 2586 imbriculis,
799 2530 837 2571 eo
858 2512 1015 2574 molestius
1031 2513 1107 2574 mihi
1121 2527 1183 2588 est,
1195 2514 1267 2594 qtnia

194 2635 333 2705 expertus
348 2640 414 2682 sum
428 2619 488 2681 hoc
503 2638 597 2702 genus
610 2617 722 2693 morbi,
736 2620 816 2698 quod
827 2618 905 2679 inter
919 2619 1002 2682 initia
1016 2622 1193 2704 contempsi.
1207 2620 1268 2683 Po-

192 2741 275 2793 terat
294 2727 391 2790 adhuc
404 2724 605 2787 adolescentia
620 2725 744 2806 injurias
758 2725 858 2801 ferre,
882 2739 913 2788 et
932 2747 965 2788 se
986 2728 1129 2788 adversus
1140 2727 1268 2789 morbos

193 2836 411 2901 contumaciter
427 2853 533 2916 gerere
555 2856 562 2891 z
586 2820 693 2893 deinde
715 2832 877 2911 succubui,
898 2846 927 2895 et
941 2854 978 2895 eo
995 2836 1156 2917 perductus
1173 2856 1265 2911 sum,

191 2967 211 3006 u
240 2944 305 3025 ipse
326 2939 521 3001 destillarem.
543 2937 592 2998 Ad
616 2956 766 2999 summam
787 2939 917 3001 maciem
938 2940 1100 3013 deductus,
1118 2962 1195 3023 saepe
1210 2940 1268 3001 im·

193 3062 297 3134 petum
313 3046 380 3128 cepi
396 3044 609 3127 abrumpendae
625 3043 691 3104 vitae
710 3067 717 3102 :
735 3044 830 3127 patris
839 3064 890 3105 me
904 3036 1154 3129 indulgentissimi
1164 3035 1269 3108 senec-

189 3170 236 3218 tus
249 3152 380 3216 retinuit.
397 3179 411 3204 n
428 3148 544 3234 (Epist.
556 3152 695 3227 nxxttx.)
710 3148 789 3213 Satis
804 3150 887 3213 clare
897 3152 1019 3227 scribit,
1037 3152 1266 3241 demadem,

192 3274 223 3327 et
247 3276 414 3321 marcore:
441 3243 499 3318 nec
518 3256 631 3318 mirum
650 3254 793 3340 Caligulae
821 3256 864 3319 sic
889 3279 906 3318 a
931 3257 1049 3320 famina
1078 3282 1268 3344 persuasum.

191 3364 303 3429 Scribit
318 3363 401 3425 enim
417 3360 481 3422 Dio
496 3383 503 3420 ε
522 3389 536 3415 «ι
553 3358 659 3443 Quum
674 3382 794 3424 causam
804 3365 967 3444 qnamdam
981 3362 1012 3424 in
1023 3362 1136 3428 Senatu
1146 3373 1269 3457 egregie

191 3486 222 3535 et
248 3468 376 3533 feliciter
400 3464 517 3529 Seneca
534 3467 664 3550 egisset,
686 3467 782 3529 livore
804 3468 949 3530 suffusum
965 3468 1052 3531 illum¹
1069 3473 1266 3558 principem,

191 3579 242 3660 qui
256 3576 338 3639 solus
347 3572 443 3653 rideri
454 3572 599 3654 eloquens
610 3572 751 3649 volebat,
765 3575 912 3658 cogitasse
927 3577 963 3637 de
978 3573 1094 3640 Seneca
1108 3580 1245 3644 tollendo
1259 3609 1266 3644 z

192 3699 224 3749 et
238 3684 380 3755 iecisset,
400 3677 457 3739 nisi
474 3699 533 3740 una
545 3701 562 3741 e
573 3676 747 3742 concubinis
760 3681 984 3758 admonuisset,
998 3680 1123 3746 Frustra
1134 3703 1270 3753 mortem

191 3790 294 3874 parari
311 3791 373 3871 jam
387 3785 535 3846 morituro
552 3785 645 3848 :tabe
662 3787 773 3871 qnippe
791 3787 973 3881 laborare.»
992 3785 1150 3870 Credidit,
1168 3809 1200 3856 et
1222 3818 1270 3858 sa-

192 3897 247 3959 luti
267 3915 303 3956 ea
328 3914 378 3955 res
398 3889 518 3955 Senecae
535 3893 599 3955 luit.
618 3893 705 3956 Adeo
725 3916 833 3956 verum
852 3910 918 3973 est,
939 3899 1021 3977 quod
1040 3898 1104 3981 ipse
1123 3906 1188 3981 (an
1209 3902 1270 3967 hur

193 3999 362 4084 adspiciens
372 3998 409 4074 l)
423 3999 541 4083 scripsit
559 4025 565 4057 τ
584 4028 600 4054 o
616 3998 787 4063 Multorum
802 4016 934 4065 mortem
950 4004 1063 4066 distulit
1080 4008 1226 4087 morbus,
1240 4024 1270 4074 et

193 4108 281 4170 saluti
295 4106 355 4168 illis
373 4105 445 4184 tuit,
468 4107 564 4169 videri
586 4109 697 4193 perire.
722 4136 736 4162 »
759 4105 905 4172 Ceterum
925 4131 1055 4196 corpore
1074 4114 1153 4176 sicco
1168 4130 1199 4178 et
1219 4139 1269 4180 ex-

192 4215 300 4275 hausto
323 4216 361 4276 ad
379 4228 546 4278 extremum
559 4214 616 4276 suit
632 4239 639 4275 ι
657 4215 730 4296 quid
750 4214 864 4277 mirum
880 4215 928 4278 vel
949 4238 966 4279 a
982 4217 1120 4298 morbis,
1141 4221 1190 4284 rel
1205 4242 1270 4286 ma-
