2640 4822
107 444 110 449 ,
194 405 240 491 xij
521 400 779 471 amroars
802 399 938 473 novt

197 522 241 592 de
259 524 460 605 Beneficiis,
483 526 734 616 Epigrammata
757 547 859 617 super
881 524 999 592 exsilio
1024 540 1060 593 et
1086 524 1204 595 Ludus
1217 522 1261 595 de

196 655 304 705 morte
318 637 452 705 Claudii
471 638 610 704 Caesaris
630 635 888 732 continentur),
906 639 943 705 in
957 661 1026 729 qua
1038 639 1262 731 exponitque

195 767 232 820 et
245 751 413 844 quomodo
432 776 522 820 nova
536 769 570 820 et
584 754 751 846 insperata
769 753 833 822 sibi
850 755 1061 822 occurrerint
1073 754 1219 822 aux‘iliai-

251 891 267 928 a
285 864 401 958 Quum
415 865 590 932 Feaslerus
605 867 669 933 Vir
683 866 719 935 S.
743 867 811 946 V.,
831 864 875 933 de
888 866 1009 959 patriis
1028 866 1137 935 literis
1157 891 1262 961 expo·

196 981 320 1050 liendis
332 980 560 1073 ornandisque
575 998 611 1050 et
623 981 666 1050 de
675 982 889 1077 philosophia
898 983 1081 1052 excolenda
1088 984 1263 1053 meritissi-

198 1121 292 1180 mus,
317 1098 483 1166 decennio
501 1098 620 1166 ultimo
639 1096 753 1166 saeculi
775 1098 985 1193 praeterlapsi
1009 1101 1188 1169 consilium
1201 1102 1262 1171 se-

198 1235 292 1280 necae
310 1213 505 1306 philoaophi
524 1228 687 1307 operum,
709 1236 784 1303 quae
805 1228 951 1298 restant,
977 1215 1126 1284 omnium
1145 1216 1264 1284 critice

199 1325 409 1396 edendorum
423 1343 459 1396 et
468 1324 760 1397 observationibus
774 1350 849 1395 cum
863 1322 1005 1397 aliorum
1016 1344 1086 1396 tum
1096 1329 1166 1398 suis
1175 1329 1266 1397 illus·

198 1440 397 1509 trandorum
409 1441 597 1534 prudenter
611 1442 754 1523 iniisset,
771 1457 806 1508 et
813 1465 895 1510 vero
909 1442 1017 1534 probe
1029 1440 1265 1531 intellexisset,

199 1558 322 1625 multos
336 1556 449 1625 adhuc
464 1555 597 1625 codices
610 1557 855 1648 manuscriptos
869 1559 906 1626 in
923 1555 1140 1626 bibliothecis
1160 1556 1272 1626 latere·

200 1672 351 1742 nondum
365 1672 503 1741 collatos
515 1673 624 1759 ,nihil
636 1673 811 1765 antiquius
822 1673 1002 1766 potiusque
1016 1672 1149 1755 hahuit,
1164 1697 1267 1766 quam

200 1806 240 1858 ut
259 1788 410 1859 subsidia
427 1789 493 1858 sibi
511 1788 570 1856 illa
586 1789 807 1872 conciliaret,
828 1790 931 1858 nullis
944 1813 1087 1883 parcens
1105 1790 1269 1884 impensis

201 1904 463 1996 laboribusque,
481 1927 603 1972 nomen
627 1927 725 1972 suum
745 1918 779 1970 et
795 1902 956 1971 auxilium
971 1902 1119 1972 libenter
1137 1928 1216 1973 cum
1229 1927 1269 1973 eo

202 2020 471 2088 communicante
483 2020 634 2104 Kornio,
650 2019 789 2087 librario
802 2019 1001 2087 Wratislav.
1017 2018 1269 2089 honestissimo·

204 2135 276 2203 Nec
288 2133 397 2201 bonus
413 2148 554 2201 eventus
572 2134 659 2201 votis
677 2131 787 2201 defuit
808 2157 906 2201 :nam
920 2133 1116 2226 praeclaram
1133 2135 1270 2205 Lectio·

95 2238 100 2245 ⁵
204 2272 286 2316 num
298 2248 502 2315 variantium
519 2247 584 2315 sibi
601 2248 810 2341 comparavit
822 2250 953 2341 copiam
966 2271 986 2316 e
1000 2246 1177 2317 codicibus
1195 2272 1272 2318 mn·

204 2364 387 2456 nuscriptis
406 2360 557 2431 nondum
577 2385 599 2429 a
622 2364 750 2431 criticis
766 2360 810 2430 ad
830 2364 966 2430 Senecae
985 2385 1089 2455 opera
1106 2362 1272 2457 pleraque

203 2481 414 2550 emendatius
431 2479 622 2572 praestanda
639 2479 804 2561 admotis,
826 2480 886 2571 qui
909 2480 946 2546 in
971 2479 1195 2549 Ambrosiam
1216 2479 1272 2549 hi·

202 2597 375 2667 bliotheca
388 2621 464 2688 quae
481 2595 666 2664 Mediolani
681 2613 756 2679 est,
776 2595 988 2664 Vindobonoe
1004 2645 1014 2679 ,
1028 2595 1268 2689 Argentorati,

204 2717 344 2795 Barna,
372 2710 556 2794 hltdorfii,
580 2711 771 2795 Erlordiae,
800 2710 1027 2798 Helmstadii,
1055 2713 1214 2806 Erlangae
1241 2728 1278 2783 et

204 2829 420 2921 Guelferbyti
434 2842 662 2896 asservantur.
678 2828 885 2895 llloliebatur
897 2845 1009 2895 autem
1023 2827 1096 2896 haec
1108 2828 1171 2895 Vir
1181 2852 1275 2921 egre·

206 2944 283 3035 gius
302 2957 347 3010 eo¹
363 2943 436 3035 ipso
457 2941 527 3008 fere
547 2955 720 3034 tempore,
740 2963 808 3032 quo
819 2957 933 3008 nostra
947 2939 1051 3009 editio
1065 2941 1179 3032 parari
1193 2941 1283 3009 etin.

204 3058 316 3126 lucem
336 3058 475 3152 prodire
494 3060 609 3150 coepit.

259 3206 275 3243 a
296 3183 403 3247 Nemo
419 3204 487 3247 uon
504 3179 601 3247 facile
620 3178 813 3273 intelliget,
831 3181 886 3248 vel
906 3206 959 3250 me
982 3205 1050 3249 non
1063 3182 1282 3274 profitente,

207 3321 309 3389 quam
324 3320 412 3388 saepe
429 3296 652 3388 hisproximis
660 3312 806 3387 quatuor
814 3297 1041 3366 voluminibus
1052 3299 1193 3387 (quihus
1204 3322 1280 3367 con·

208 3416 361 3481 tinentur
382 3413 493 3479 omnia
515 3414 650 3480 Scnccae
674 3437 802 3505 opera,
830 3430 956 3505 praeter
981 3414 1196 3505 Quaestiones
1218 3417 1282 3481 Na·

210 3525 359 3621 turales)
371 3527 593 3621 profligandis
612 3545 794 3622 occupatus
811 3544 846 3595 et
866 3522 1038 3597 interdum
1056 3527 1149 3597 haud
1161 3550 1282 3623 parum

209 3661 347 3712 vexatus
376 3646 561 3736 optaverim
578 3694 588 3727 ,
619 3660 659 3713 ut
681 3695 690 3727 ‚
719 3648 871 3737 quamvis
902 3646 1183 3738 Recognitionem
1214 3667 1284 3712 non

209 3763 452 3829 Recensionem
476 3776 585 3828 textus
610 3786 712 3852 quem
737 3776 858 3829 vocant
878 3763 1038 3853 paranti,
1059 3761 1143 3828 mihi
1172 3776 1287 3829 tamen

210 3897 277 3949 tam
290 3882 380 3950 felici
393 3906 467 3951 esse
481 3882 600 3951 liceret
608 3932 620 3968 ,
631 3899 670 3950 ut
682 3882 833 3952 subsidia
841 3884 1083 3952 isthaecViriS.
1093 3884 1137 3950 V.
1146 3882 1293 3975 egregia

210 3999 264 4066 vel
274 3999 393 4067 leviter
407 3998 589 4091 inspicere,
609 3999 669 4066 ubi
688 4001 794 4093 copiae
815 4023 897 4067 meae
915 4015 1077 4081 tacerent,
1095 3996 1293 4068 identidem

213 4141 358 4209 possem.
377 4116 442 4185 Sed
465 4102 739 4207 quandoquidem
759 4117 823 4186 hac
844 4117 975 4184 fortuna
998 4117 1048 4184 uti
1074 4141 1143 4184 non
1166 4116 1289 4198 licuit,
