2640 4822
53 390 1135 426 Μ

157 591 259 697 DE
297 592 353 695 L.
394 591 680 697 ANNAEO
720 590 1024 699 SENECA

259 847 490 920 VETERUll
516 846 785 921 AUCTORUM
810 846 933 922 noct.-

536 1098 671 1121 ι*

395 1371 557 1443 Euentus,
571 1377 599 1429 in
612 1375 795 1449 Chronolegia.

92 1562 110 1589 a
127 1529 168 1595 L.
192 1533 337 1594 Annaeus
360 1526 488 1592 Sennea
506 1527 732 1604 Cordubensis,
754 1544 922 1614 praeceptor
935 1528 1084 1607 Neronis,
1104 1546 1134 1593 et

57 1654 185 1724 patruus
206 1636 322 1702 Lucani
343 1652 460 1722 poetae,
489 1639 635 1701 incisione
663 1658 828 1714 venarum,
846 1651 877 1700 et
898 1640 1005 1700 veneni
1025 1638 1134 1701 haustu

61 1744 161 1828 periit.
180 1772 196 1798 ι
212 1740 358 1828 (Olymp.
375 1743 476 1824 ccxl.)

249 1922 280 1974 B.
292 1923 483 1977 thomus
494 1962 502 1989 ,
515 1922 546 1975 de
557 1922 730 1997 Scriptorlbm
739 1921 929 1977 Ecclesiastico.

97 2093 113 2119 κ
128 2062 168 2125 L.
181 2063 313 2126 Annaeus
329 2062 446 2127 Seneca
460 2062 684 2141 Cordubensis,
700 2062 834 2127 Sotionis
847 2062 940 2127 Stoici
955 2065 1131 2148 discipulus,

62 2184 89 2233 et
101 2184 231 2255 patrem
249 2167 363 2233 Lucani
377 2183 489 2253 poetoe,
506 2170 767 2233 continentissimae
782 2171 848 2231 vitae
862 2171 918 2231 suit
940 2195 948 2231 ι
965 2192 1056 2252 quem
1071 2193 1133 2233 non

60 2298 209 2363 ponerem
225 2277 257 2337 in
270 2274 419 2360 Catalogo
441 2275 641 2353 Sanctorum,
656 2277 715 2338 nisi
728 2299 779 2339 me
798 2276 857 2337 illae
872 2277 1003 2361 epistolae
1016 2299 1135 2362 provo-

59 2398 164 2448 urent
180 2382 428 2466 quaeleguntura
447 2382 586 2466 plurimis
600 2380 687 2444 Pauli
707 2385 746 2445 ad
768 2380 938 2460 Senecam,
959 2396 989 2446 et
1013 2382 1134 2446 seneca

60 2494 95 2553 ad
108 2489 242 2552 Paulum
259 2513 266 2548 :
283 2490 314 2550 in
329 2489 454 2571 quibus,
475 2510 568 2571 quum
583 2502 661 2551 esset
679 2487 814 2551 Neronis
825 2489 985 2572 magister,
1002 2503 1032 2551 et
1053 2490 1135 2550 illius

61 2597 207 2681 temporis
220 2597 460 2679 potentissimus,
479 2610 584 2679 optare
606 2617 639 2658 se
660 2596 750 2673 dicit,
769 2624 784 2650 «
801 2597 865 2678 ejus
887 2617 953 2658 esse
970 2596 1030 2658 loci
1054 2600 1134 2680 apud

60 2730 75 2757 r
91 2723 165 2765 snos
177 2715 200 2772 ¹.
214 2703 299 2784 cujus
313 2701 352 2763 sit
363 2700 475 2763 Paulus
489 2702 570 2784 apud
583 2697 808 2764 Christianos.»
824 2698 887 2764 Hic
899 2715 969 2763 ante
979 2700 1134 2764 biennium

61 2830 151 2891 qnam
164 2807 273 2871 Petrus
287 2821 318 2870 et
330 2806 440 2870 Paulus
457 2822 675 2870 coronarentur
686 2808 848 2896 martyrio,
865 2828 883 2870 a
895 2807 1021 2885 Nerone
1035 2810 1133 2872 inter-

63 2912 154 2977 fectus
169 2928 224 2977 est
240 2942 255 2968 n

166 3089 396 3143 Consternatum
408 3102 548 3154 rumonus
561 3088 758 3141 induemus
771 3088 823 3142 Sat.
833 3091 875 3154 V,
888 3110 961 3144 versu
974 3111 1028 3163 roo

101 3262 116 3286 «ι
133 3234 164 3294 A
190 3235 308 3293 Seneca.
332 3230 394 3293 Hic
415 3231 471 3293 sub
491 3228 640 3307 Claudio,
657 3231 741 3312 quasi
761 3232 897 3295 conscius
917 3234 1133 3297 adulteriorum

64 3338 150 3400 Juliae
166 3337 345 3401 Germanici
363 3335 452 3414 filine,
473 3338 505 3397 in
519 3334 677 3400 Corsicam
698 3337 866 3421 relegatus,
884 3353 952 3421 post
970 3339 1134 3403 triennium

66 3458 219 3507 revocatus
233 3457 295 3515 est;
312 3443 361 3524 qui
377 3444 432 3504 etsi
446 3463 557 3526 magno
572 3443 721 3505 desiderio
734 3443 870 3507 Athenas
883 3445 1071 3523 intenderet,
1092 3449 1133 3509 ab

65 3551 228 3635 Agrippina
243 3565 345 3612 tamen
365 3551 529 3613 erudiendo
546 3549 665 3613 Neroni
684 3551 715 3611 in
735 3551 881 3634 palatium
898 3554 1061 3630 adductus,
1080 3576 1132 3615 sae-

66 3681 132 3720 rum
149 3660 374 3739 immanemque
395 3671 500 3720 natum
519 3670 549 3718 et
570 3658 663 3719 sensit
682 3658 764 3736 cito,
783 3671 813 3720 et
832 3659 1002 3742 mitigavit¹
1024 3684 1032 3719 ε
1053 3662 1132 3723 inter

93 3896 101 3926 ¹
113 3892 183 3961 Ejus
194 3895 307 3944 esseloce'
317 3893 393 3958 apud
401 3908 471 3943 suos.
484 3890 541 3941 lloc
552 3890 580 3941 in
596 3889 752 3942 adsimulatis
766 3891 818 3943 illis
832 3891 942 3964 epistolis
953 3893 1129 3946 adumbratum

63 3998 152 4037 erstat:
164 4006 177 4031 a
188 3985 257 4036 Nam
269 3982 314 4054 qui
324 4002 396 4034 meus
408 3982 475 4056 apud
488 3993 511 4033 te
524 3981 609 4047 loeus,
626 3981 670 4052 qui
683 3994 741 4035 tuus
753 3982 831 4035 velim
844 3995 872 4035 ut
886 4004 964 4038 meus.
977 4008 991 4033 »
1002 3985 1130 4040 Balbutles

60 4087 111 4138 est,
122 4074 248 4144 fueritque
261 4090 269 4125 t
282 4095 295 4120 e
308 4073 353 4144 qui
363 4086 421 4125 tuus
433 4073 500 4146 apud
512 4083 568 4125 tuos
580 4072 665 4136 loeus,
677 4073 753 4126 velim
766 4087 792 4127 ut
803 4093 883 4127 mens.
895 4096 909 4122 s

90 4167 102 4196 ²
113 4163 265 4226 Semiler'to,
276 4174 301 4216 et
310 4166 447 4232 mitigavit.
458 4163 508 4216 Pro
519 4175 602 4217 mente
614 4162 761 4220 Scholiasta
772 4164 905 4220 videbatur
913 4183 920 4219 :
928 4188 942 4214 α
949 4180 974 4219 et
983 4168 1128 4224 indicavit.»

62 4257 128 4310 Nam
139 4255 270 4329 sequentia
281 4255 315 4309 sle
326 4254 423 4308 volunt.
