2640 4822
115 378 152 448 xl
193 388 198 397 '
307 378 570 449 JUDICIUM
594 378 767 450 SUPER
789 380 997 457 SENECA

116 534 188 583 tem
200 518 338 583 Studium
352 534 453 583 autem
468 520 543 582 illud
557 521 616 584 nisi
630 521 690 585 tale
704 521 824 599 suisset,
840 525 920 584 unde
938 535 984 583 tot
1001 521 1080 583 orec
1093 538 1194 603 open

117 626 182 706 qnae
200 625 367 703 habemus,
390 640 421 688 et
438 647 500 688 non
514 626 684 690 habemus?
705 626 862 711 Voluptati
874 673 884 703 ,
896 628 1022 699 somno}
1045 626 1113 687 vitae
1132 628 1191 687 de-

115 733 206 794 traxit
222 756 229 792 ε
245 736 326 814 qnod
338 733 426 795 uobis
447 733 603 816 impendit.
616 730 721 818 Pergit
732 733 824 795 etiam
839 730 952 795 Fabius
968 756 976 792 ε
996 757 1012 788 ι
1024 730 1125 793 Multa
1141 752 1191 792 re-

114 855 186 894 rum
212 834 359 916 cognitio.
384 860 400 888 o
425 833 521 896 Vides
546 832 792 921 Polymathiam,
822 855 916 914 quam
936 832 1049 903 novelli
1075 832 1190 914 judiees

116 939 227 1001 frustra
247 943 414 1003 detracuxm
431 953 516 1003 eunt.
535 939 577 1001 At
591 937 705 1002 Fabius
724 940 851 1003 candide
874 941 986 1015 donat,
1008 951 1039 1000 et
1061 957 1195 1020 magnus

114 1045 167 1107 ille
182 1044 319 1123 Plinius,
342 1047 394 1128 qui
414 1048 575 1129 Principem
595 1047 781 1119 emdttnm's,
798 1046 959 1109 invidendo
979 1045 1103 1128 elogio,
1132 1065 1189 1127 ap·

119 1153 224 1235 pellat.
237 1151 279 1215 Et
292 1154 359 1235 quis
372 1154 529 1231 detrahet,
546 1154 597 1235 qui
610 1154 695 1215 varia
705 1155 736 1214 in
754 1154 838 1215 omni
858 1153 987 1215 materie
999 1152 1111 1234 scripta
1125 1153 1190 1233 ejus

117 1257 222 1331 videt,
250 1268 304 1318 aut
326 1254 460 1339 cogitat?
482 1253 519 1316 ln
543 1254 629 1337 poesi
650 1254 781 1337 plurima
803 1253 945 1315 fuerunt:
962 1264 1058 1313 exstat
1074 1248 1187 1313 Medea

112 1362 281 1445 tragoedia,
297 1375 328 1424 et
342 1362 444 1445 gloriae
459 1361 568 1423 suflicit
585 1374 636 1423 aut
657 1359 782 1444 palmae,
800 1360 831 1420 in
852 1359 912 1420 boc
932 1356 1055 1438 quidem
1076 1375 1189 1438 genere

112 1469 304 1551 scriptorum
317 1466 403 1548 Quid
422 1467 555 1529 oratoria
573 1467 658 1548 ejus,
677 1465 843 1542 historice,
862 1463 1093 1548 philosophica,
1110 1463 1190 1524 mis-

113 1574 215 1636 cella?
229 1572 344 1635 Omnia
364 1573 446 1635 enim
466 1573 622 1648 tractavit,
648 1593 710 1633 non
726 1571 830 1633 solmn
846 1570 942 1653 tetigit
959 1593 967 1630 ε
984 1582 1075 1650 atque
1094 1569 1189 1630 etiam

113 1680 249 1757 Dialogus
269 1677 390 1761 scripsit
413 1681 469 1757 (ut
492 1677 542 1739 bic
561 1675 695 1755 Fabius)
718 1696 779 1758 quo
804 1666 981 1759 argumento
1005 1674 1135 1750 nescio,
1159 1687 1190 1735 et

113 1784 313 1847 desiderabile
329 1797 436 1845 tamen·
448 1783 523 1844 milti
535 1782 595 1847 hoc
609 1804 694 1867 opus.
708 1782 750 1844 At
759 1802 819 1843 une
832 1781 925 1843 etiam
935 1778 1042 1865 Satyra
1053 1780 1086 1841 in
1096 1776 1190 1843 Clau·

114 1891 199 1953 dium
218 1903 314 1953 exstat
332 1912 340 1946 τ
363 1910 456 1971 quam
474 1889 558 1951 varic
575 1891 683 1958 docta,
703 1901 829 1971 arguta,
851 1886 999 1948 venusta?
1013 1906 1071 1951 uec
1080 1883 1190 1947 Venus

115 2008 167 2058 aut
179 1993 283 2079 Lepor
298 1995 411 2076 aliquid
427 1995 546 2055 addent.
566 1992 628 2056 Sed
638 2013 731 2077 porro
743 1982 835 2055 etiam
849 1990 963 2053 Fabius
981 2015 989 2052 :
1006 2018 1022 2046 α
1038 1989 1152 2074 Egregi

114 2102 261 2164 vitiorum
273 2102 445 2164 insectator.
464 2128 480 2155 »ι
500 2099 581 2163 Sane
595 2100 670 2176 suit,
695 2114 726 2162 et
743 2099 792 2160 vel
809 2100 937 2161 nimium
949 2098 1008 2160 hec
1025 2111 1111 2181 parte
1127 2097 1189 2158 ali-

115 2208 182 2288 quis
202 2208 297 2283 dicut,
320 2219 371 2267 aut
386 2206 485 2289 potius
501 2208 564 2289 jam
578 2206 660 2267 dixit.
676 2204 756 2269 Mihi
776 2219 878 2267 tamen
898 2225 961 2266 non
975 2204 1113 2275 videtum
1137 2215 1190 2264 eut

115 2312 227 2374 nimius
241 2313 333 2374 etiam
349 2309 526 2395 Epictetus,
545 2312 596 2392 qui
609 2311 656 2373 vel
672 2311 771 2374 acrius
792 2331 828 2373 ea
845 2311 1016 2373 insectaturi
1037 2307 1188 2395 Cynicum

115 2416 175 2480 hoc
189 2417 246 2478 fuit
257 2463 266 2494 ,
278 2417 463 2500 destringere
478 2416 591 2500 passim
609 2430 639 2479 et
654 2417 800 2479 defricare
814 2414 928 2479 :Stoici
942 2429 1120 2492 tenuerunt,
1131 2416 1188 2478 etsi

116 2525 299 2600 modestius,
321 2537 353 2586 et
381 2524 551 2606 inscriptis
574 2525 671 2607 magis
695 2544 786 2605 quam
813 2545 976 2601 sermone,
994 2535 1189 2606 usurparunt.

116 2628 195 2711 Quis
207 2643 309 2691 autem
322 2630 353 2690 in
367 2629 548 2713 philosopho
571 2631 709 2703 damnet,
735 2631 807 2691 vitia
820 2630 959 2712 insequi,
974 2630 1108 2713 pellere3
1121 2630 1189 2691 vir-

116 2751 201 2800 tutes.
209 2738 379 2811 advocare,
396 2737 559 2800 inducere?
574 2737 733 2821 proprium
749 2737 871 2799 illorum
888 2758 963 2821 opus
978 2751 1043 2813 est,
1060 2741 1186 2800 aut'de·

117 2843 178 2906 bet.
194 2840 344 2907 Ceterum
357 2857 460 2906 nomer
479 2843 537 2906 bat
558 2857 643 2927 parte
664 2845 807 2905 meriton
828 2840 926 2905 Fabio
938 2844 1103 2920 attollitur,
1116 2865 1191 2908 acer

118 2964 149 3012 et
165 2950 278 3013 calidus
292 2951 472 3022 insectatum
490 2965 520 3012 et
532 2950 627 3013 hostis
645 2963 707 3011 toto
726 2951 821 3011 animi
835 2972 933 3013 sensu.
953 2950 1034 3012 Vide
1049 2951 1190 3014 stimulos

105 3068 149 3119 'et
161 3058 236 3120 ictus
250 3056 475 3131 sententiarum,
487 3078 580 3136 quum
591 3057 650 3119 lroc
664 3057 725 3140 agit
738 3057 824 3118 rvide
834 3057 1049 3140 inungentem,
1062 3072 1093 3120 et
1102 3081 1190 3142 paene

117 3163 217 3226 dicam
237 3164 458 3224 ardescentem..
466 3158 640 3243 Simplicius
654 3164 691 3223 de
712 3159 843 3245 Epicteti
865 3163 1030 3225 acrimonia
1055 3187 1062 3223 ι
1086 3192 1102 3219 «
1123 3164 1189 3246 Qu

115 3257 208 3331 abes
227 3288 288 3329 non
306 3267 470 3342 excitetur,
492 3289 562 3328 eum
582 3289 643 3328 non
667 3267 725 3329 nisi
746 3271 826 3351 apud
845 3268 1014 3331 inferorum
1025 3270 1190 3332 uibuneliu

115 3374 335 3457 corrigendum.
355 3400 370 3427 n
396 3370 447 3433 De
475 3386 579 3435 nostro
606 3372 762 3435 verissime
785 3394 951 3457 usurpem,
974 3384 1097 3437 sensum
1113 3375 1195 3441 boni

116 3480 292 3562 honestique
307 3501 368 3540 uon
381 3477 490 3556 habet,
503 3500 594 3560 quem
609 3500 716 3540 eonon
732 3479 922 3562 impetitum
931 3481 1010 3565 ipse,
1026 3483 1189 3564 inquiunt,

116 3587 179 3650 brec
190 3608 252 3649 non
269 3584 369 3648 sensit.
383 3583 457 3647 Non
472 3584 586 3647 sensit?
601 3586 639 3646 da
652 3585 704 3664 qui
718 3585 858 3664 simulat,
875 3600 907 3648 et
925 3586 967 3649 sic
988 3587 1100 3649 scribit.
1124 3585 1193 3651 So.

116 3692 241 3777 phocles
254 3692 329 3754 olim
344 3711 416 3753 vere
433 3714 441 3749 ε

316 3850 319 3857 ’
388 3823 804 3894 ..ιο....ιιοχᾶνδραγὲριαλός

319 3911 449 3982 Πράσσοντ’
460 3913 547 3974 ἀνάγκη
558 3916 651 3981 χρηστὰ
662 3915 788 3982 undatim
798 3914 856 3970 i'ttu·

392 4034 583 4054 ..mm-0..
597 4001 800 4076 virumestopus

322 4091 553 4158 benefacientem,
564 4092 639 4146 verbe
650 4095 771 4166 consequi
783 4094 858 4148 bonu.

120 4212 178 4277 Est
190 4232 265 4295 opus
279 4223 309 4273 et
319 4231 335 4274 e
346 4209 429 4273 sonte
438 4230 532 4294 puro,
544 4231 638 4293 pura;
655 4234 672 4273 e
686 4213 819 4291 sordido,
830 4214 952 4276 sordida
961 4227 992 4277 et
1001 4215 1189 4280 metuentia
