2640 4822
503 119 801 191 raffirsrro.
1154 131 1188 213 xj

113 244 387 326 commendatas,
404 245 558 335 qmmvis
579 244 751 311 tenuiores
773 242 911 311 interim
929 239 974 311 ad
995 252 1189 314 nosuorum

113 380 307 456 temporum
319 361 451 442 lucem,
469 357 587 428 sedulo
602 359 798 452 colligendi,
812 374 847 426 et
860 376 963 451 prout
975 361 1107 429 consilii
1122 364 1189 430 mei

115 479 305 548 rationibus
318 478 535 559 conveniret,
553 500 630 544 cum
646 477 730 542 meis
742 490 822 568 apte
832 475 1065 569 conjungendi
1083 504 1090 543 :
1107 500 1191 569 quo-

116 597 228 662 minus
245 609 280 660 et
297 594 361 661 bac
379 591 641 661 immortalitatis
660 590 816 658 humanae
835 607 933 683 parte
948 642 971 673 ,‚
985 608 1024 658 ut
1042 592 1096 660 vel
1119 616 1189 660 no-
1215 674 1218 678 Ι

115 712 206 778 mine
225 725 342 778 nostm
359 732 429 777 uon
442 722 699 777 commemorato
716 708 803 776 facta
818 706 952 778 dictave
970 724 1085 777 nostra
1097 706 1188 778 bona

115 841 347 907 sternentur,
368 825 502 919 spoliati
519 825 574 893 vel
587 824 757 893 oblivione
771 823 980 918 sepeliantur
996 875 1005 908 ,
1027 825 1082 895 vel
1097 827 1188 894 invi-

115 940 169 1009 dia
191 940 394 1008 obruantur.
424 938 581 1007 Attamen
605 940 790 1032 saepissime
811 962 869 1007 eos
889 962 1026 1031 quoque
1047 939 1189 1008 honoris

115 1078 212 1123 <ausa
232 1055 405 1122 nominari
426 1077 475 1135 ‚a
502 1054 626 1145 quihus
644 1078 697 1121 me
716 1055 753 1121 in
769 1051 960 1122 enarrando
981 1052 1187 1148 Philosopho

115 1171 269 1264 adjutum
284 1169 531 1238 intellexeram.
549 1169 685 1238 Auxilio
698 1193 816 1238 eorum
831 1171 867 1238 in
880 1171 1091 1263 argumentis
1102 1192 1186 1239 con·

116 1285 271 1355 delendis
293 1282 434 1379 propter
456 1282 764 1361 easdemsrstiones
787 1306 873 1354 usus
890 1306 965 1353 sum
989 1334 998 1368 ,
1028 1287 1186 1377 inprimis

117 1400 236 1492 lipsii.
245 1397 368 1490 Adjeci
382 1396 509 1465 deiude
522 1398 565 1464 iis
579 1397 872 1467 adumbrationem
883 1395 1064 1490 quamdam
1076 1398 1188 1469 litetu-

117 1516 198 1583 tarae
208 1515 408 1596 fundumve,
420 1512 514 1583 unde
525 1515 580 1582 vel
591 1514 799 1583 occasionem
808 1513 995 1599 scribendi,
1011 1515 1065 1583 vel
1078 1538 1185 1584 unum

116 1629 302 1698 alterumve
315 1652 356 1696 ex
371 1629 455 1697 locis
468 1631 697 1722 pertractatis,
712 1631 864 1698 hausisse
878 1628 987 1698 videri
999 1632 1112 1723 potest
1122 1632 1185 1699 se-

116 1769 209 1815 neca.
227 1747 270 1812 ln
286 1768 353 1837 qua
371 1731 482 1812 nmen
497 1768 564 1812 non
580 1744 616 1812 id
627 1745 798 1838 agendum
810 1768 884 1813 esse
898 1746 1035 1838 putavi,
1056 1762 1096 1814 ut
1114 1770 1185 1814 ma·

117 1861 199 1928 teria
211 1857 309 1927 velut
319 1882 397 1926 cnm
407 1857 597 1951 pulvisculo
610 1880 786 1942 conversa,
802 1859 933 1951 copiam
947 1873 981 1926 et
994 1858 1184 1927 ubertatem

111 1977 323 2055 affectarem,
340 1974 401 2042 sed
413 1975 550 2042 nonnisi
564 1975 707 2043 strictim
720 1976 884 2069 appositis
898 1976 1091 2069 praecipuis,
1107 1998 1183 2066 que

116 2091 267 2185 ejusdem
280 2091 473 2181 argumenti
487 2089 649 2180 usquead
663 2092 825 2159 Senecam
838 2088 937 2159 nobis
946 2093 1181 2174 innotuerunt,

118 2206 257 2299 vestigia
269 2221 374 2296 atque
385 2204 588 2273 lineamenta
602 2206 814 2274 ostenderem
828 2256 837 2289 ‚
854 2230 929 2299 quar
942 2262 950 2291 ,
961 2209 990 2274 si
1004 2208 1059 2274 cui
1072 2222 1180 2289 vacet,¹

117 2324 244 2392 utiliter
257 2322 465 2391 corrteudere
480 2368 491 2404 ‚
509 2339 612 2414 atque
628 2323 715 2392 adeo
735 2325 892 2418 proferre
904 2340 939 2392 et
957 2348 1120 2392 exornare
1135 2324 1183 2391 li-

117 2441 214 2509 ccbit.
232 2443 317 2508 Nam
335 2464 389 2507 me
409 2458 480 2507 non
503 2439 605 2524 latet,
622 2439 726 2509 multa
745 2438 825 2510 addi
844 2442 957 2511 adhuc
977 2466 1073 2535 posse
1091 2468 1099 2507 ι
1115 2459 1178 2527 ut,

114 2553 158 2622 ad
175 2555 433 2624 consolationes
449 2556 504 2625 vel
521 2542 541 2624 e
556 2558 720 2625 Cicerone
735 2609 744 2641 ‚
760 2556 806 2625 ad
824 2582 926 2651 quem
947 2559 1112 2652 praeclara
1124 2557 1183 2625 illa

117 2670 254 2762 epistola
273 2671 371 2740 Serv.
389 2672 531 2764 sulpicii
545 2687 674 2756 exstat,
691 2673 734 2742 ad
750 2676 827 2742 Dir.
846 2677 916 2757 IV,
935 2675 955 2742 d
975 2701 983 2740 t
1000 2673 1045 2741 ad
1058 2674 1182 2741 librum

122 2779 162 2852 de
175 2787 252 2853 Vita
265 2785 365 2854 beata
380 2787 460 2853 libri
474 2786 626 2879 ejusdem
645 2791 875 2882 inscriptionis
892 2790 1087 2882 Augustini,
1106 2788 1187 2854 Am·

117 2896 244 2981 brosii,
263 2902 431 2970 Lactantii
454 2929 463 2969 t
484 2918 686 2996 quamquam
709 2907 784 2974 bec
800 2904 1030 2975 additamenta
1042 2904 1087 2973 ad
1101 2920 1186 2972 tem-

111 3039 197 3106 ·pora
216 3034 293 3110 post
316 3021 479 3088 Senecam
499 3037 677 3115 spectant,
704 3022 850 3115 ideoque
869 3046 889 3091 a
911 3039 1026 3091 nostro
1046 3022 1186 3090 consilio

120 3131 224 3201 aliena
240 3150 333 3202 sunt.
890 3134 895 3143 ’

147 3270 182 3313 ἰ
202 3250 304 3318 Haud
317 3251 418 3343 paulo
434 3240 598 3323 minorem
614 3257 882 3325 commoditatem
894 3255 961 3337 iis,
983 3255 1042 3348 qui
1055 3257 1183 3323 Seneca

120 3363 327 3460 vellegendo
342 3369 396 3435 vel
407 3369 574 3438 laudando
588 3372 638 3437 uti
649 3372 774 3458 velint,
792 3374 921 3466 primus
933 3371 1085 3439 attulisse
1098 3369 1182 3436 mihi

118 3479 250 3565 videor,
264 3498 368 3552 textu
386 3484 661 3554 distinctionibus
682 3510 767 3579 quas
787 3485 1019 3580 paragraphus
1039 3472 1181 3565 vocant,

118 3600 262 3692 margini
280 3602 464 3694 appositis,
483 3604 692 3696 consignato.
712 3630 728 3668 s

561 3714 724 3781 (Scribebat,
737 3712 824 3767 ldibus
832 3713 913 3787 april.
928 3715 1017 3785 1797.)

165 3866 223 3934 llis
240 3890 349 3961 pauca
363 3868 586 3960 subjiciemus
598 3893 637 3936 ex
649 3868 898 3960 praelationclll
918 3868 985 3936 vol.
1005 3869 1089 3958 (quo
1102 3823 1180 3933 libri
