2640 4822
328 364 569 463 EJUSQUjE
593 365 858 433 SCRlPTlS.
1028 368 1132 431 xxxix

54 524 158 594 potest
170 523 329 591 utrumque
341 508 494 591 judicium.
505 507 605 571 Multa
619 509 701 570 enim
714 552 723 585 ,
735 523 766 570 nt
776 510 851 587 diri,
866 509 1022 593 probanda
1035 510 1066 569 in
1081 530 1133 585 eo,

55 616 153 679 multa
168 614 262 677 etiarn
276 616 453 677 admiranda
468 628 537 675 sunt
553 639 560 674 :
578 614 691 699 eligere
704 617 797 676 modo
817 637 893 677 curu
910 614 970 692 sit,
985 618 1065 696 quod
1082 615 1137 675 uti-

57 742 131 787 nam
147 720 212 803 ipse
233 720 371 806 lecisset!
395 718 498 805 Digna
515 721 598 782 enim
613 721 669 781 luit
685 720 738 781 illa
762 736 890 796 natura,
916 745 981 803 quae
1006 721 1135 784 meliora

58 827 170 902 vellet,
188 847 253 907 qnae
268 827 350 908 qnod
363 825 482 902 voluit,
499 825 609 888 effecit.
627 855 642 880 n
737 892 740 899 ,

99 931 162 993 Ista
174 930 289 993 Fabius
301 957 310 1005 3
328 953 420 1013 quem
434 931 506 994 boni
520 933 653 1015 rectique
667 933 832 1016 plurimum
847 934 950 1016 judicii
973 955 1134 997 censorem

58 1059 172 1122 agere,
187 1036 286 1100 libens
299 1036 399 1099 fateor
415 1061 422 1097 ε
440 1036 499 1099 nisi
514 1037 610 1100 sicubi
623 1035 750 1101 allectus
760 1037 904 1115 abducit,
921 1039 1065 1121 quodbie
1079 1060 1136 1100 ve-

60 1164 135 1209 reor
153 1140 276 1209 lamam.
290 1143 363 1228 lpse
381 1166 443 1206 non
463 1144 646 1221 dissimulat,
666 1166 805 1229 sparsam
823 1148 860 1209 de
881 1169 913 1209 se
936 1146 1136 1230 opinionem,

60 1248 374 1332 iniquioremSenerae
381 1271 463 1314 esse:
474 1265 504 1315 et
514 1272 572 1335 ego
584 1251 723 1315 hercules
738 1273 879 1336 agnosco.
896 1252 1016 1315 Tamen
1033 1253 1083 1315 vel
1097 1252 1140 1314 ric

60 1357 145 1419 bona
159 1359 207 1420 de·
217 1355 353 1434 Seneca,
376 1359 513 1438 quedam
525 1358 586 1420 alia
600 1356 671 1421 dicit
689 1382 697 1418 ι
715 1371 746 1421 et
761 1359 957 1441 pensitemns.
971 1358 1025 1420 Ait
1039 1382 1053 1421 .:
1071 1387 1085 1413 α
1104 1357 1140 1419 ln

59 1463 149 1525 omni
169 1484 282 1546 genere
304 1463 480 1544 eloquentie
499 1478 660 1526 versatum.
677 1489 694 1522 o
714 1462 830 1548 Magna
851 1478 883 1539 et
896 1487 968 1539 vera
986 1465 1053 1541 laus
1067 1479 1114 1527 est
1133 1466 1142 1523 ἑ

62 1591 154 1633 versa
168 1582 199 1631 et
211 1590 303 1652 prosa
317 1569 410 1642 valuit
422 1615 431 1646 ,
444 1591 537 1633 omne
552 1571 721 1633 studiorum
733 1585 943 1655 argumentum
952 1570 1017 1634 fere
1033 1584 1141 1633 tracta-

64 1677 117 1738 vit.
130 1674 234 1759 Pergit
249 1700 256 1732 ε
275 1705 290 1737 ,ιι
302 1674 460 1758 Ingenium
475 1674 563 1738 sacile
577 1691 607 1739 et
613 1677 781 1760 copiosum.
791 1705 806 1729 »ο
822 1675 1022 1760 Agnoscimus
1037 1700 1044 1736 ε
1059 1689 1088 1737 et
1102 1677 1139 1737 de

65 1781 231 1855 facilitate,
249 1782 317 1862 quis
329 1802 391 1843 non
405 1783 485 1843 inter
499 1781 658 1865 legendnm
674 1783 878 1860 videt„lluere
897 1783 1000 1844 omnia
1019 1804 1036 1842 e
1051 1781 1142 1864 pleno

65 1900 213 1970 pectore,
231 1901 266 1958 et
276 1888 453 1949 inexhausto
470 1888 526 1949 illo
542 1888 656 1971 ingenii
671 1889 777 1955 sonte?
796 1889 865 1973 lpse
879 1891 920 1951 de·
931 1911 963 1950 se
980 1914 988 1946 :
1008 1917 1022 1941 u
1036 1886 1144 1968 Qualis

65 2013 171 2055 sermo
190 2014 277 2059 meus
294 2006 394 2068 esset,
418 1994 443 2055 si
466 2014 527 2054 nna
545 1996 719 2065 sederemus
739 2007 791 2056 aut
809 1994 1055 2071 ambularemus,
1076 1994 1146 2052 illo-

65 2101 185 2159 boratus
194 2099 355 2179 etfacilis,
367 2101 442 2163 tales
453 2122 518 2163 esse
529 2099 683 2183 Epistulas
695 2122 780 2163 meas
790 2101 870 2163 volo.
884 2130 899 2155 2>
912 2099 1025 2183 (Epist.
1036 2102 1147 2176 cxxv.)

66 2203 121 2269 De
135 2202 282 2288 Epistolis
297 2205 356 2269 boc
370 2207 494 2289 signate.
503 2192 651 2289 Atquieae
661 2221 739 2281 sunt,
751 2230 816 2289 qum
830 2230 935 2271 curam
951 2222 981 2269 et
994 2208 1147 2270 tractatio·

67 2333 142 2373 nem
154 2311 295 2375 babuisse
308 2357 317 2388 ,
330 2313 409 2375 inter
426 2313 529 2375 omnia
546 2315 676 2396 scripta,
694 2314 860 2376 videantur.
882 2313 958 2375 Jarn
980 2316 1017 2377 de
1032 2313 1144 2394 Copia,

67 2420 260 2501 inventiones
272 2419 332 2480 illae
346 2433 408 2481 tam
422 2421 511 2483 variae
526 2433 556 2481 et
569 2421 724 2504 dispares,
740 2422 770 2483 in
786 2443 843 2493 una
859 2443 892 2485 re
906 2420 1089 2494 Moralium,
1105 2421 1148 2482 di-

68 2540 148 2589 cent.
163 2522 248 2605 Quot
261 2524 334 2586 libri
347 2539 435 2601 sunt,
452 2540 526 2608 quot
539 2527 631 2588 etiam
647 2527 768 2590 luerunt
778 2529 789 2589 ?
801 2525 844 2589 Et
856 2528 934 2589 inter
950 2527 1052 2587 omnia
1064 2527 1147 2587 simi-

69 2633 133 2711 lia,
149 2631 322 2695 nibilidem
338 2655 345 2690 ε
361 2633 425 2693 imo
437 2633 486 2693 vix
501 2614 681 2695 sententiam
694 2649 744 2698 aut
759 2635 924 2717 imaginem
938 2635 1073 2716 reperias
1088 2633 1148 2694 ite·

68 2751 149 2799 rata.
161 2735 337 2814 Mirabitur,
349 2737 374 2801 si
386 2738 451 2819 quis
466 2738 606 2819 inquiret,
617 2753 648 2801 et
657 2740 716 2802 tale
728 2741 903 2822 exemplum
917 2738 990 2801 alibi
1005 2739 1146 2819 requiret.

71 2842 190 2907 lterum
203 2842 336 2905 Fabius:
351 2842 547 2906 «Plurimum
560 2846 685 2907 studii.»
699 2843 791 2926 Quod
803 2868 853 2908 sne
862 2843 924 2907 'dat
941 2845 971 2905 in
983 2860 1148 2928 stuporem.

73 2950 110 3013 ln
124 2951 215 3027 aula,
231 2952 264 3013 in
277 2952 438 3034 conjugio,
457 2951 488 3012 in
501 2951 554 3011 illo
564 2973 675 3034 genere
695 2954 780 3029 vitm,
799 2953 933 3030 familia,
951 2951 1081 3036 opibus,
1095 2972 1148 3014 oe-

73 3057 306 3141 eupationibus,
328 3058 460 3139 potuisse
481 3057 512 3117 in
533 3057 619 3119 libris
642 3058 819 3141 scriptisque
833 3059 885 3127 ,sic
903 3080 982 3121 esse.
1006 3055 1067 3120 Sed
1085 3057 1150 3140 ipsc

73 3154 259 3246 pertineret
277 3162 522 3245 intempestivum
545 3184 632 3225 suum
651 3164 782 3229 studium
801 3184 863 3231 non
877 3164 973 3238 celat,
989 3162 1150 3243 scribitque

77 3267 197 3333 Lucilio
207 3289 263 3341 suo
275 3294 286 3331 r
300 3297 315 3323 u
329 3267 440 3339 Nullus
451 3269 526 3330 mihi
539 3291 595 3352 per
609 3270 705 3333 otium
718 3270 782 3333 dies
794 3271 854 3333 exit
867 3295 875 3329 ι
886 3284 1005 3353 partem
1016 3270 1151 3332 noctium

77 3375 183 3447 studiis
198 3373 326 3436 vindico.
338 3372 411 3436 Non
432 3396 506 3437 vaco
527 3397 656 3450 somno,
675 3377 728 3437 sed
741 3376 906 3438 succumbo
920 3400 928 3446 ς
945 3389 976 3443 et
990 3376 1094 3437 oculos
1109 3375 1152 3435 ri-

77 3483 149 3565 gilia
164 3481 304 3564 fatigatos
317 3483 515 3562 cadentesque
528 3482 559 3543 in
572 3501 667 3564 opere
681 3481 813 3544 detineo.
826 3479 944 3551 Secessi
960 3501 1026 3554 non
1035 3462 1153 3547 tanturn

78 3591 118 3652 ab
132 3587 323 3664 hominibus,
336 3591 389 3650 sed
400 3610 417 3649 a
427 3568 518 3651 rebus
532 3613 539 3649 :
552 3602 581 3652 et
587 3589 747 3672 primumn
759 3589 848 3659 meis.
856 3586 1052 3658 Posterorum
1061 3607 1154 3670 nego

79 3697 155 3757 tium
166 3715 225 3777 ago
241 3693 320 3756 :illis
330 3694 441 3776 aliqua,
455 3717 519 3776 qnae
528 3696 644 3778 possint
655 3697 811 3778 prodesse,
824 3692 1154 3763 oonseribo.Salutares

80 3800 322 3875 admonitiones,
342 3800 424 3861 velut
444 3801 734 3883 medicamentorum
753 3800 871 3883 utilium
893 3801 1149 3884 compositiones,

80 3907 189 3969 litteris
203 3909 324 3967 mando.
341 3934 353 3958 υ
369 3903 481 3988 (Epist.
498 3907 583 3983 vul.)
597 3904 648 3967 En
663 3906 762 3968 virum
775 3906 949 3989 diligentem
964 3907 1150 3979 studiorum,

84 4028 113 4076 et
128 4014 226 4076 nostri
241 4014 247 4072 !
264 4013 330 4094 quis
350 4034 411 4073 non
428 4027 509 4075 anret
527 4014 663 4096 pariter,
683 4014 772 4075 nobis
790 4013 953 4074 sic-natum
975 4026 1006 4073 et
1022 4033 1155 4094 occupa-

86 4137 149 4182 tum
164 4122 176 4182 ?
194 4119 300 4181 Verba
316 4142 351 4181 ea
375 4134 477 4203 repete
500 4133 529 4181 et
551 4120 711 4195 examina,
734 4118 867 4200 quisquis
881 4140 913 4180 es
933 4143 940 4177 :
961 4119 1085 4201 pudebit
1107 4118 1156 4179 vel

67 4280 71 4287 .
84 4250 251 4311 spargere,
269 4227 318 4290 vel
331 4228 434 4292 audire
453 4227 657 4304 calmnniam,
673 4227 704 4299 in
720 4225 840 4309 generis
852 4223 976 4288 humani
990 4225 1034 4289 sic
1047 4244 1156 4288 aman-
