2640 4822
122 401 222 485 uvaj
373 396 441 466 on
465 397 598 466 vina
622 395 694 464 nr
716 396 959 468 scnrpn1s

86 585 88 589 Α
119 538 206 619 (alibi
231 541 448 617 adnotandum)
467 552 498 601 et
514 539 574 602 hoc
594 537 654 599 line
673 539 716 601 sic
735 537 836 621 plures
851 537 1014 601 habebant.
1028 538 1124 616 Non,
1150 539 1198 600 in-

119 667 230 729 quam,
253 668 291 709 eo
319 668 398 731 nego
422 658 473 708 aut
491 645 616 716 dubito;
641 644 694 706 sed
714 644 784 724 quia
805 643 888 727 ipsus
909 641 1026 708 Seneca
1047 630 1144 728 tangit
1166 657 1197 705 et

120 753 244 836 castigat
260 754 339 816 hanc
358 753 509 817 insaniam
528 751 636 834 saepius
650 775 658 822 ;
675 748 768 811 etiarn
780 749 815 810 in
835 749 904 811 aula
926 762 957 811 et
977 745 1091 825 senex,
1107 748 1196 810 libris

120 858 157 918 de
167 856 348 934 Beneficiis,
371 880 446 940 quas
464 872 534 920 tunc
554 855 683 939 scripsit.
702 853 786 938 Quid
798 901 807 931 ,
819 856 901 936 qnod
912 855 944 916 in
959 854 1017 917 illo
1031 852 1083 917 De
1096 853 1197 917 Tran-

121 963 267 1043 quillitate
284 963 364 1043 (sub
376 964 516 1042 mitium)
537 963 640 1046 palam
657 974 748 1046 negat
768 989 784 1016 κ
797 961 920 1045 placere
939 962 999 1024 sibi
1008 982 1131 1023 mensas
1144 980 1197 1022 va·

121 1069 228 1131 rictate
251 1070 438 1133 macularum
456 1071 650 1154 conspicuas,
669 1095 685 1123 a
700 1072 757 1130 nec
770 1068 870 1130 solere
881 1067 949 1130 uti?
964 1066 1124 1130 Mirabaec
1134 1068 1198 1130 im-

122 1173 282 1256 pudentia,
308 1176 339 1236 in
358 1197 393 1238 re
415 1175 576 1259 conspicua
597 1188 628 1236 et
646 1175 711 1255 ejus
731 1174 786 1236 aevi
807 1154 904 1236 dculis
925 1173 1067 1256 objecta,
1092 1154 1219 1255 palam⁸

24 1324 35 1336 .
122 1280 167 1343 sic
182 1282 392 1359 dissimulare,
410 1295 462 1344 aut
480 1281 612 1345 mentiri.
626 1279 699 1343 Non
714 1280 866 1354 arbitror;
882 1293 913 1342 et
927 1281 1025 1363 magis
1035 1279 1174 1341 Dionem
1187 1325 1196 1350 ,

124 1400 175 1449 aut
189 1388 238 1451 cui
253 1388 314 1449 Dio
324 1402 426 1471 partes
438 1389 493 1451 has
511 1389 657 1473 adsignat.
675 1385 760 1450 Nam
776 1409 813 1448 ex
827 1387 965 1449 oratione
976 1386 1078 1468 aliqua
1088 1388 1200 1448 adver-

125 1494 204 1556 saria
224 1494 287 1558 Mc
311 1495 407 1557 videri
420 1495 494 1559 alibi
514 1493 557 1570 (l.
579 1494 706 1557 Manud.
725 1492 793 1556 Dis.
812 1499 911 1573 xlx),
932 1494 1073 1556 adnotavi
1086 1516 1094 1551 ε
1107 1506 1201 1574 atque

126 1602 225 1664 obiter
244 1603 287 1664 ibi
303 1603 475 1664 divitiarum
492 1604 608 1667 crimen
625 1601 721 1677 dilui,
736 1600 897 1685 legendum
913 1602 938 1664 si
952 1602 1019 1684 quis
1031 1600 1123 1662 volet.
1136 1597 1201 1662 Sed

120 1708 223 1791 ‚magis
237 1709 336 1791 ipsum
349 1705 497 1772 Senecam
507 1709 605 1793 legat,
619 1708 672 1790 qui
687 1706 744 1769 sub
756 1706 815 1770 hoc
824 1720 944 1791 tempus
956 1705 1008 1768 De
1018 1706 1091 1767 Vita
1102 1704 1202 1768 Beata

8 1865 12 1875 .
124 1813 238 1876 librum
263 1816 373 1892 edidit,
392 1815 425 1877 in
446 1836 506 1896 quo
530 1835 656 1898 scopum
674 1811 767 1875 habet
785 1814 928 1875 adversus
945 1812 1140 1875 criminantes
1166 1833 1201 1872 se

124 1921 213 1982 tueri.
226 1918 259 1981 0
273 1921 464 2005 elegantem,
484 1943 503 1983 o
527 1923 694 2005 sapientem
710 1919 870 1985 libellum!
890 1931 920 1981 et
935 1917 1121 1981 calumniam
1139 1915 1202 1977 hoc

75 2070 78 2081 .
124 2026 191 2111 ipso
204 2048 327 2105 caram,
344 2030 424 2110 quod
436 2028 527 2091 luerit
539 2027 609 2091 huic
628 2029 786 2093 eliciendo.

528 2152 691 2218 CAPUT
711 2153 794 2217 Vll.

179 2272 301 2344 Mons,
318 2283 348 2332 et
355 2273 479 2354 prrirrum
496 2272 685 2344 atsanemia,
699 2275 829 2345 veritos,
844 2272 985 2333 emaculas
994 2273 1150 2355 pietasque.

169 2408 231 2473 Sed
246 2433 348 2473 mores
369 2411 425 2495 ipsi
449 2411 541 2475 etiam
564 2412 624 2474 hoc
640 2413 677 2474 de
697 2412 806 2496 opibus
824 2386 1027 2496 refrigerant,
1054 2424 1085 2474 ct
1111 2434 1226 2475 usum.

128 2518 165 2580 iis
181 2519 332 2596 clamant,
348 2541 409 2581 non
424 2518 562 2582 abusum.
578 2517 661 2600 Quid
676 2520 758 2582 enim
777 2521 808 2581 in
825 2519 957 2596 fastum,
975 2519 1079 2584 lurum
1091 2564 1100 2595 ,
1114 2541 1203 2603 pom-

129 2627 228 2711 pam?
252 2628 398 2701 doceant,
426 2638 459 2687 ct
486 2625 619 2688 silemus.
637 2624 674 2688 In
695 2627 781 2690 cibos
801 2625 951 2703 sortasse,
974 2639 1005 2687 et
1023 2625 1201 2689 lautitiam?

129 2733 297 2795 Audiamus
311 2732 425 2815 ipsum,
436 2732 468 2792 in
481 2732 602 2814 publico
615 2733 808 2816 profitentem
823 2757 830 2793 :
848 2761 864 2788 o
880 2735 944 2816 Ego
958 2754 1050 2813 mum
1065 2732 1203 2795 Attalum

131 2842 268 2903 audirem
285 2841 315 2901 in
337 2840 429 2916 vitia,
446 2841 477 2901 in
493 2862 635 2918 errores,
658 2843 690 2903 in
705 2842 787 2903 mala
802 2841 871 2903 vitae
889 2854 1106 2925 perorantem,
1123 2863 1204 2924 saepe

131 2947 273 3009 misertus
292 2967 360 3007 sum
372 2947 492 3030 generis
506 2946 652 3023 humani,
672 2962 703 3010 et
715 2948 802 3009 illmn
817 2947 980 3009 sublimem
1001 2947 1205 3029 altioremque

133 3055 265 3116 hnmano
278 3054 395 3136 fastigio
403 3051 649 3134 credidi...Quum
658 3067 791 3138 coeperat
803 3053 969 3138 voluptates
976 3068 1096 3117 nostras
1106 3058 1207 3117 trado

133 3180 215 3236 cere,
228 3159 351 3220 laudare
362 3171 478 3221 castum
488 3180 608 3242 corpus,
622 3158 756 3221 sobriam
766 3180 915 3238 mensam,
928 3181 1037 3244 puram
1045 3174 1205 3224 mentem:

134 3287 195 3328 non
209 3278 325 3327 tantum
339 3264 379 3327 ab
392 3265 502 3328 illicitis
517 3264 736 3348 voluptatibus,
759 3268 813 3329 sed
834 3267 926 3329 etiam
942 3269 1155 3352 supervacuis,
1171 3270 1209 3331 li-

134 3371 227 3434 bebat
249 3370 496 3434 circumscribere
518 3371 620 3454 gulam
645 3383 675 3432 et
701 3386 848 3434 ventrem.
870 3373 945 3436 Inde
971 3374 1048 3436 mibi
1067 3377 1209 3455 quaedam

135 3501 354 3565 permansere,
367 3476 486 3550 Lucili;
503 3500 614 3562 magno
631 3480 714 3542 enim
731 3482 769 3542 ad
786 3482 889 3544 omnia
902 3482 1017 3565 impetu
1035 3504 1181 3544 veneram
1200 3507 1208 3540 ε

137 3588 245 3650 deinde
261 3587 299 3647 ad
316 3584 438 3647 civilem
456 3585 549 3647 vitam
570 3588 731 3662 reductus,
754 3608 789 3647 ex
803 3587 881 3648 bene
902 3589 1008 3671 coeptis
1028 3609 1126 3671 pauca
1139 3610 1209 3650 ser-

134 3695 213 3757 vavi.
230 3692 303 3753 lnde
323 3691 431 3752 ostreis
441 3690 609 3773 boletisque
624 3693 655 3754 in
668 3713 794 3755 omnem
810 3693 901 3755 vitam
917 3694 1120 3756 renuntiatum
1134 3708 1181 3757 est
1200 3719 1208 3754 :

136 3803 205 3865 inde
221 3799 253 3861 in
274 3819 397 3861 omnem
419 3798 510 3859 vitam
529 3814 681 3883 unguento
705 3800 890 3862 abstinemus
915 3822 922 3860 ε
948 3801 1018 3863 inde
1038 3801 1110 3862 vino
1126 3816 1215 3864 caret

103 3886 106 3892 Δ
137 3905 308 3971 stomachus
324 3928 332 3966 ι
350 3905 420 3967 inde
441 3906 473 3965 in
490 3926 613 3967 omnem
634 3907 727 3968 vitam
746 3906 890 3969 balneum
908 3907 1048 3990 sugimus.
1066 3935 1081 3961 »ι
1097 3906 1212 3991 (Epis.

136 4028 223 4074 cvm.
234 4013 249 4088 )
262 4009 340 4092 Quae
352 4011 421 4073 talis
439 4011 512 4072 alibi
533 4012 709 4095 frugalitas,
725 4035 764 4075 an
781 4035 841 4095 quo
857 4015 980 4076 nomine
1002 4015 1212 4097 appellanda?

26 4144 31 4153 ·
136 4116 178 4179 Et
190 4119 295 4203 scripsi
310 4121 347 4181 de
366 4139 402 4180 ea
415 4117 445 4178 in
460 4116 647 4181 Laudatione
660 4117 780 4182 Senecae
790 4120 837 4200 (l.
853 4119 979 4182 Manud.
997 4120 1064 4183 Dis.
1078 4125 1186 4201 xvtn)
1203 4149 1211 4184 ι

134 4248 174 4290 nc
196 4227 245 4290 hic
269 4225 511 4290 iteremusdam
532 4226 649 4308 reliqua
667 4226 758 4290 ctiam
778 4227 839 4291 vita
859 4229 938 4291 scria
950 4242 980 4290 et
1002 4249 1117 4290 severa.
1138 4227 1217 4294 Non
