2640 4822
312 406 317 420 .
353 361 394 427 I..
421 353 599 424 ANNAEI
624 352 856 423 SENECAE.
1036 357 1141 443 xxxiij

59 497 166 578 lum,
182 528 198 556 ι
213 499 261 563 Ex
282 498 452 585 Campania
463 510 662 562 remeaverat.
676 525 691 551 »ι
705 494 734 558 Ε
753 496 826 559 villa
840 496 942 578 aliqua
954 497 996 560 ibi
1018 519 1083 560 sua.
1103 498 1145 563 Et

60 631 139 671 sane
155 609 199 671 ibi
215 622 284 671 ante
308 607 425 670 obitum
447 626 525 689 srepe
541 605 574 665 in
596 623 717 666 secessu
732 604 805 665 vixit
830 616 860 666 et
881 603 1040 688 plerasque
1058 603 1148 689 Epis-

60 717 198 777 tolarum
212 718 251 778 ad
264 712 416 777 Lucilium
432 711 561 795 scripsit.
578 738 592 765 ιι
604 708 815 791 Quartumque
830 713 908 793 apud
923 711 1065 794 lapidem.
1080 741 1095 766 n
1111 712 1149 776 ln

63 821 139 883 villa
157 821 232 883 item
247 820 347 901 aliqua
370 840 433 882 sua.
449 817 500 880 An
519 815 738 879 Nomentana?
763 813 833 878 lloc
853 815 953 878 Xicbo
973 814 1149 883 Polentinus

64 927 208 1009 scripsit,
227 928 282 988 sed
294 945 401 1002 mera,
419 937 509 1008 puto,
527 923 709 1005 conjectura.
725 919 834 1002 Neque
849 920 974 985 Tacitus
997 925 1147 1003 admittit,

66 1034 121 1114 qui
135 1035 174 1094 de
188 1043 289 1114 quarto
302 1033 401 1114 lupide
415 1031 455 1092 ab
468 1028 545 1092 urbe
565 1028 666 1112 prodit
682 1055 690 1088 z
707 1028 789 1108 atqui
804 1025 994 1091 Nomentum
1010 1029 1060 1092 rel
1075 1031 1151 1093 daso-

65 1141 214 1200 decimum
229 1140 328 1201 distat.
344 1166 359 1194 ι
375 1138 470 1201 Nulla
484 1137 607 1221 pavoris
622 1136 716 1220 signa.
725 1162 740 1188 ι»
751 1133 803 1197 En
819 1136 941 1220 dignam
953 1137 1149 1222 philosopho,

13 1320 17 1325 ῃ
66 1257 98 1306 et
122 1245 247 1326 quidem
262 1241 384 1316 Stoico,
405 1256 539 1307 mortem
561 1265 569 1302 e
591 1262 683 1324 qnam
707 1255 738 1304 et
754 1242 915 1325 ¹sequentia
939 1244 1151 1326 depraedicant.

68 1378 85 1403 a
103 1348 275 1434 lmaginem
287 1350 354 1411 ritae
370 1371 439 1412 snae.
456 1375 472 1404 s
491 1345 653 1423 Obsecro,
675 1347 700 1409 si
716 1346 812 1410 soedus
824 1345 942 1412 Seneca
955 1362 989 1411 ut
1008 1348 1072 1411 Dio
1092 1371 1150 1412 vo-

66 1456 141 1524 luit,
161 1455 264 1519 baecne
278 1455 388 1517 devita
402 1475 477 1530 sua,
493 1453 526 1515 in
542 1453 679 1516 clausula
694 1453 830 1516 diceret?
846 1455 961 1517 amicos
978 1455 1105 1533 scilicet,
1122 1472 1153 1520 et

67 1561 203 1622 arbitros
218 1561 284 1641 ejus
295 1559 448 1641 quotidie,
469 1559 513 1621 sic
527 1557 669 1620 falleret?
682 1587 697 1612 «
710 1556 806 1620 Modo
816 1580 967 1621 sermone.
984 1588 999 1614 o
1010 1558 1147 1641 Leniter,

69 1681 102 1728 et
120 1680 154 1727 ut
171 1667 202 1726 in
220 1665 370 1746 alloquiis.
383 1691 399 1719 r
414 1662 569 1727 Adversus
579 1675 757 1746 praesentem
766 1652 960 1726 formidinem
970 1665 1115 1729 mollitus.
1133 1696 1148 1722 tt

68 1772 144 1835 Non
163 1771 300 1834 rescribo
320 1784 461 1833 temere:
480 1783 582 1832 tamen
608 1768 742 1852 ambigat
761 1769 890 1851 aliquis,
910 1792 949 1832 au
966 1793 1029 1835 non
1054 1776 1153 1835 motti-

67 1896 153 1955 tam,
168 1881 248 1942 etad
256 1900 383 1941 uxorem
392 1878 551 1941 reseratur.
564 1875 728 1959 Sapientia
740 1878 877 1941 videntur
887 1880 1041 1959 inducere,
1058 1904 1152 1962 quum

70 1999 163 2068 rogat
175 1999 361 2068 temperaret
375 1983 491 2057 dolori,
513 1997 544 2046 et
560 2006 624 2065 quse
638 1985 746 2067 jungit.
764 2011 779 2038 «
796 1984 893 2062 Vitae,
910 1987 1025 2068 inquit,
1044 1989 1152 2051 delini-

69 2105 188 2155 menta.
202 2119 217 2146 »ο
235 2090 310 2154 flac
324 2104 356 2153 et
371 2090 518 2175 pleraque
534 2091 612 2168 alia,
625 2104 694 2152 sunt
711 2091 777 2174 ipsa
787 2088 930 2169 Senecae,
949 2109 1001 2156 aut
1021 2109 1102 2159 certe
1117 2097 1156 2158 si-

68 2199 160 2288 milia
176 2223 185 2259 :
201 2199 271 2280 qnia
288 2197 445 2260 exstabant
455 2197 593 2278 vulgata,
613 2211 648 2258 ut
660 2217 731 2259 mox
746 2199 834 2260 dicet.
855 2227 871 2253 α
888 2197 990 2263 Senile
1004 2223 1153 2286 corpus.»

70 2303 155 2366 Meo·
168 2303 284 2367 calculo
302 2318 401 2380 nx111,
422 2314 474 2364 ant
493 2315 621 2384 quatuor
641 2323 799 2365 annorum.
817 2302 926 2387 Neque
945 2306 1024 2368 ultra
1038 2308 1152 2388 luisse,

70 2411 209 2474 Neronis
223 2409 277 2472 illa
293 2412 332 2472 ad
346 2406 497 2472 Senecam
509 2409 669 2486 evincunt,
689 2431 752 2472 non
771 2411 822 2472 din
835 2426 904 2475 ante
919 2414 1056 2496 prolata,
1072 2419 1153 2498 apud

71 2518 217 2580 Tacitum
234 2538 241 2576 :
261 2544 277 2571 α
293 2514 413 2578 Verum
431 2529 462 2578 et
479 2515 534 2577 tibi
550 2516 649 2578 valida
663 2530 753 2594 aetas,
772 2518 922 2601 rebusque
938 2534 968 2584 et
983 2520 1092 2584 fructui
1103 2544 1154 2585 re-

72 2644 145 2686 rnm
163 2621 342 2685 sufficiens:
364 2649 380 2676 ι»
398 2642 463 2703 quae
479 2623 516 2683 de
538 2621 658 2683 seniore
677 2621 757 2683 haud
768 2625 940 2687 veredicas.
960 2653 976 2678 «ι
990 2625 1154 2691 Advocatis

71 2729 282 2814 scriptoribus.
299 2757 315 2784 ι»
336 2726 368 2792 Ο
382 2728 502 2806 virum,
522 2750 541 2791 o
560 2729 654 2790 animi
677 2729 790 2791 robur!
812 2731 845 2790 iu
863 2731 927 2815 ipsa
943 2733 1035 2795 etiam
1051 2749 1151 2798 morte

71 2839 207 2911 dictare,
223 2836 305 2917 quod
325 2847 464 2919 posteros
484 2835 612 2922 juvaret.
632 2832 740 2915 Neque
758 2835 841 2897 enIm
858 2837 1092 2921 ambigendrnn,
1108 2854 1152 2902 ta-

73 2941 117 3002 lia
137 2940 252 3014 fnisse,
274 2960 312 3003 ac
333 2940 505 3003 constantiae
528 2953 558 3000 et
583 2940 735 3023 sapientire
761 2963 848 3004 mera
875 2946 1033 3028 praecepta.
1054 2945 1155 3031 Argu-

73 3061 237 3121 mentum,
253 3048 334 3127 quod
347 3048 379 3106 in
402 3048 504 3125 vulgus
522 3047 600 3107 editu
616 3068 626 3105 .·
644 3046 725 3108 haud
747 3048 881 3111 futurum
899 3096 908 3122 ,
926 3053 983 3114 uisi
1008 3054 1153 3136 praeclara

72 3153 177 3234 aliqua
189 3165 299 3214 essent.
313 3149 356 3214 Et
374 3151 446 3232 quia
465 3151 563 3230 edita,
582 3152 706 3215 Tacitus
724 3155 825 3216 omisit
831 3179 841 3232 5
860 3178 879 3217 o
899 3157 1068 3240 improvide
1085 3163 1151 3226 lac-

73 3273 141 3320 tum
156 3259 164 3317 !
182 3270 213 3320 et
228 3255 317 3318 uobis
336 3277 455 3338 quoque
471 3277 604 3342 cygnaeas
621 3257 689 3319 illas
709 3280 800 3323 voces
817 3262 921 3325 audire
935 3264 984 3326 vel
1007 3266 1066 3327 levi
1077 3288 1151 3332 aure

74 3364 175 3426 esset!
195 3391 210 3417 ι
227 3359 374 3446 Stagnrnn
394 3361 497 3425 calidae
516 3383 608 3444 aquae.
628 3389 643 3416 n
658 3361 798 3439 Solitum
822 3381 853 3428 et
868 3371 1086 3453 tuuc‘primnm
1102 3395 1151 3436 ca-

73 3471 137 3533 lida
150 3491 221 3532 usus
230 3515 240 3545 ,
250 3491 344 3551 quum
355 3490 417 3531 non
432 3469 665 3531 ultramuros«
677 3470 794 3535 Balneo
807 3474 917 3537 illatus.
931 3504 945 3529 ν»
957 3474 1109 3542 Laconico
1120 3496 1151 3543 et

72 3579 178 3652 sicco,
195 3588 229 3636 nt
258 3575 377 3658 opinor.
397 3573 481 3636 Nam
502 3595 638 3658 vapore,
661 3590 691 3638 et
711 3579 877 3642 acrimonia
894 3582 1024 3658 caloris,
1046 3589 1147 3649 erani-

74 3696 193 3744 matum
212 3681 384 3743 ostendit«
403 3679 509 3762 Quum
525 3681 616 3743 etiam
636 3695 701 3744 tum
719 3687 863 3768 pmdives
889 3703 918 3750 et
939 3706 1147 3774 praepotens.»

74 3789 201 3869 Aliquid
215 3800 278 3864 est,
296 3787 328 3847 in
349 3808 409 3869 quo
427 3786 549 3851 Tacitus
568 3808 694 3871 carpere
714 3791 833 3854 videtur
853 3818 860 3852 ε
883 3814 939 3857 nec
957 3797 1029 3859 satis
1046 3811 1149 3862 tamen

73 3894 174 3978 capio.
191 3892 334 3956 Tacitum
343 3893 431 3956 sunus
449 3893 566 3971 voluit,
580 3908 609 3956 et
625 3895 773 3960 solemnia
794 3900 857 3982 ejus
870 3900 963 3962 remit
982 3924 990 3960 :
1008 3905 1062 3965 sed
1074 3927 1149 3986 quo-

71 4003 168 4063 modo
184 4001 216 4062 in
231 4021 270 4062 eo
288 4002 436 4084 supremis
453 4000 513 4063 suis
535 4001 684 4065 consulit?
700 4002 751 4065 An
770 4025 809 4065 ne
826 4017 1038 4069 testamentum
1059 4009 1146 4074 Nero
1163 4078 1167 4091 ,

71 4108 253 4192 rumperet?
274 4107 326 4188 qui
339 4107 465 4170 sortasse
485 4107 575 4171 heres
595 4108 626 4170 in
646 4123 733 4193 parte
750 4131 860 4196 magna
880 4113 1022 4196 scriptus,
1040 4129 1071 4178 et
1091 4138 1151 4181 no-

71 4215 159 4276 lebat
186 4213 244 4275 sibi
263 4235 320 4298 per
345 4214 496 4299 impendia
524 4213 637 4295 aliquid
660 4215 771 4298 perire.
801 4216 850 4278 An
875 4218 905 4278 in
934 4240 972 4281 eo
992 4223 1150 4306 parcimo-

192 4317 216 4372 l.
