2640 4816
108 363 177 446 xxij
353 356 424 426 nn
448 360 578 429 vrrs
603 361 671 428 cn
695 361 944 430 sca1nr1s

109 500 191 583 Quid
201 501 329 565 saeminae
340 502 404 567 baec
415 505 524 582 suerit,
538 518 569 569 et
580 526 641 586 quo
651 507 782 583 marito,
797 507 828 568 in
842 506 922 569 notis
932 505 1010 569 meis
1019 503 1064 568 ibi
1074 505 1187 569 (limes.

111 606 172 671 Sed
189 611 312 690 quando
331 625 513 691 quaesturam
533 613 681 695 gesserit,
697 611 779 675 haud
795 612 911 694 liquido
924 613 988 676 ecio
1005 625 1101 674 :aetas
1121 634 1187 675 non
1217 612 1219 616 ’

111 715 233 793 abnuit,
247 729 281 779 ut
290 717 347 781 sub
364 716 491 783 Tiberio
505 741 513 778 ε
526 719 664 802 potuitet
676 719 732 783 sub
742 716 836 796 Caio,
851 741 950 801 neque
960 719 1037 781 libet
1048 718 1187 781 delinire.

107 821 187 884 Illud
208 822 325 906 magis,
348 838 511 907 praeturam
535 825 636 891 statim
653 825 694 889 ab
712 825 818 889 exsilio
835 825 990 910 gemisse,
1015 823 1187 909 Agrippina

109 927 246 990 faciente.
258 925 304 989 lta
315 929 397 991 enim
405 928 530 993 Tacitus
544 954 550 990 :
566 929 753 1015 «Agrippina
764 931 885 994 reniam
894 929 991 994 exsilii
1000 950 1058 1013 pro
1067 928 1186 992 Annaeo

109 1031 243 1104 Seneca,
254 1035 344 1097 simul
357 1049 519 1119 praeturam
529 1037 672 1121 impetrat
683 1042 718 1118 (a
728 1036 868 1119 marito),
879 1037 982 1100 loetum
992 1036 1189 1121 inpublicum

110 1153 195 1215 rata,
214 1140 256 1203 ob
276 1141 487 1205 claritudinem
506 1143 672 1209 studiorum
693 1146 778 1226 ejus,
800 1158 892 1227 utque
908 1143 1040 1207 Domitii
1057 1143 1188 1227 pueritia

109 1246 162 1309 tali
179 1248 323 1330 magistro
334 1248 539 1327 adolesceret,
557 1262 587 1312 et
598 1250 732 1315 consiliis
746 1252 882 1335 ejusdem
891 1252 931 1313 ad
944 1271 1032 1333 apem
1045 1250 1190 1313 domina-

110 1354 199 1414 tionis
221 1367 364 1417 nterctur.
381 1354 781 1438 »(X11Annal.)Vides,
799 1369 966 1441 praetorem
986 1355 1087 1418 statim
1109 1357 1190 1419 desi-

110 1473 256 1543 gnatum,
286 1474 316 1523 et
341 1461 445 1524 landes
464 1465 631 1545 dotesque,
654 1485 729 1544 quas
748 1462 873 1528 Tacitus
897 1463 1023 1527 candide
1045 1463 1194 1546 adjrmgit.

112 1564 206 1648 Vulgi
232 1566 436 1629 benivolentia
460 1589 497 1630 eo
513 1567 593 1631 lacto
616 1568 854 1641 conciliabatur3
875 1567 1027 1650 quiajam
1044 1567 1134 1652 augo
1157 1568 1191 1629 in

112 1693 166 1734 ore
184 1686 214 1734 et
230 1674 326 1757 gratia
344 1671 483 1750 Seneca,
503 1676 538 1734 ol
552 1675 749 1736 clorimdinem
765 1676 920 1736 studiorum
928 1697 941 1744 ,·
953 1675 1082 1756 deniqne
1095 1677 1150 1736 tali
1162 1686 1194 1737 et

111 1793 195 1841 tanto
210 1783 344 1858 magistro
361 1781 487 1843 volebat
499 1778 672 1843 Domitium
693 1802 780 1844 suum
797 1802 956 1853 crescere,
973 1783 1105 1863 itemque
1118 1803 1193 1841 corr-

112 1889 186 1947 sr'lir's
203 1889 263 1968 ejus
278 1891 364 1964 (nota
379 1886 721 1971 civilem'prudentiam)
733 1887 772 1948 ad
790 1888 958 1970 parandum
968 1885 1193 1970 principatum,

113 1994 166 2054 sed
182 2005 212 2053 et
231 1994 416 2075 regendum,
438 1993 504 2055 niti.
519 1989 604 2076 Ergo
624 2005 737 2076 praetor
760 2013 841 2053 anuo
859 1992 945 2055 urbis
968 2007 1071 2053 ncccu
1101 1989 1160 2052 l'uit
1183 2013 1191 2047 ι

114 2099 259 2180 numquid
285 2112 390 2181 postea
413 2112 444 2160 et
467 2098 597 2161 consul?
629 2097 794 2161 Affirmant
820 2098 892 2160 libri
919 2099 1044 2183 legum,
1068 2099 1108 2160 ad
1131 2093 1194 2161 SC.

114 2203 366 2275 Trebellianum,
389 2218 421 2266 nt
441 2203 591 2287 Ulpianus
614 2229 621 2263 ι
641 2202 880 2288 «Temporibus
900 2203 1058 2277 Neronis,
1083 2216 1194 2267 octavo

114 2310 246 2373 Kalend.
262 2309 470 2394 Septembres,
483 2311 600 2373 Anneeo
612 2309 729 2375 Seneca
740 2324 771 2373 et
783 2310 944 2377 Trebellio
955 2309 1094 2374 Maximo
1105 2308 1193 2374 Coss.

116 2416 296 2483 factumest
316 2416 639 2481 Senatus-consultum.
654 2445 669 2471 ι»
682 2415 768 2479 Idem
783 2416 814 2478 in
832 2416 857 2478 J
858 2417 1000 2479 ustiniani
1017 2415 1048 2478 ll
1068 2414 1196 2479 Institu-

78 2582 84 2594 ,
115 2525 233 2586 tionum
244 2525 400 2608 scriptum.
413 2522 476 2605 Qui
496 2537 598 2586 autern
612 2523 805 2595 fastosnobis
826 2525 1066 2595 concinnarunt.
1082 2523 1196 2587 faciunt

116 2632 173 2693 hos
194 2630 333 2694 consules
350 2629 599 2710 suffectos(nam
623 2629 770 2692 ordinarii
791 2651 853 2692 non
875 2629 1019 2713 suerunt)
1034 2652 1113 2692 anuo
1140 2653 1197 2692 ur-

117 2738 164 2800 bis
177 2754 299 2799 ncccxv
315 2761 323 2796 ε
339 2739 419 2818 quod
434 2751 534 2811 esset,
556 2756 636 2797 anno
651 2749 681 2797 et
700 2735 803 2819 paucis
821 2736 976 2798 mensibus
990 2751 1059 2798 ante
1070 2735 1195 2798 Senecae

117 2853 258 2902 mortem.
280 2837 400 2920 Aliquis
426 2839 463 2898 de
490 2850 552 2899 tota
577 2859 611 2898 re
625 2836 740 2898 dubitet
760 2836 905 2909 sortasse,
928 2838 998 2918 quia
1022 2836 1194 2911 Ausonius,

118 2945 295 3009 Gratiarum
306 2945 424 3007 actione
434 2943 537 3026 palam
554 2967 561 3002 :
578 2940 693 3005 «Dives
704 2940 840 3021 Seneca,
856 2964 914 3007 nec
928 2958 1030 3006 tamen
1042 2945 1166 3010 consul:
1182 2974 1195 2996 ι·

118 3055 250 3137 itemque
266 3074 323 3114 nec
341 3053 406 3137 ipse
429 3048 544 3113 Seneca
563 3050 701 3111 meminit
722 3071 847 3131 usquam
872 3051 960 3134 hujus
980 3051 1124 3126 honoris,
1141 3053 1198 3115 etsi

117 3159 260 3244 epistolas
272 3157 431 3242 plerasque
443 3168 513 3218 tum
524 3155 650 3238 scripsit.
663 3153 848 3238 Respondeo
861 3179 869 3216 ι
883 3159 920 3218 de
932 3155 1089 3228 Ausonio,
1104 3157 1194 3219 intel-

118 3270 271 3351 ligendum
284 3264 484 3327 Ordiuarium
495 3262 684 3325 consulatum
697 3262 794 3324 videri
808 3286 814 3324 :
830 3265 867 3324 de
887 3263 953 3346 ipso
966 3278 1072 3327 nostro
1085 3310 1094 3337 ,
1107 3266 1198 3326 silen-

117 3377 192 3436 tium
218 3394 280 3434 non
307 3393 373 3434 esse
396 3371 598 3453 negationem,
618 3366 680 3431 Sed
698 3369 758 3433 boc
778 3369 872 3431 etiam
894 3372 993 3443 addo,
1016 3391 1078 3431 non
1100 3371 1199 3432 videri

117 3484 196 3544 bene
207 3481 365 3564 digessisse
381 3477 544 3540 Fastorum
565 3477 795 3541 concinnatores
812 3500 819 3532 ε
836 3497 934 3558 neque
952 3477 1007 3539 illo
1026 3497 1106 3538 anno
1120 3499 1198 3561 pro-

117 3592 196 3652 lecto
220 3588 285 3648 luit.
310 3585 394 3647 Nam
425 3607 496 3648 ecce
530 3585 632 3646 statim
655 3584 742 3644 initio
773 3583 867 3658 anni,
899 3582 1024 3645 Tacitus
1044 3598 1197 3644 memorat

118 3694 251 3774 (Annal.
272 3690 374 3770 xlv)
396 3692 607 3774 refrigeratam
628 3690 693 3771 ejus
711 3691 793 3773 apud
814 3688 974 3751 Neronem
990 3689 1140 3772 gratiam,
1168 3701 1199 3749 et

119 3803 352 3864 calumniatores
371 3799 456 3861 varie
473 3797 631 3859 vellicasse
653 3808 768 3877 :atque
787 3796 887 3880 ipsum
905 3796 1042 3856 animosa
1060 3795 1200 3856 oratione

119 3908 288 3992 principem
304 3905 489 3980 accessisse,
506 3915 712 3966 commentum
727 3916 902 3985 petentem,
922 3915 952 3963 et
971 3923 1045 3984 opes
1059 3922 1128 3963 suas
1145 3924 1200 3963 re-

119 4015 302 4075 fundentem.
321 4011 394 4074 Non
414 4010 535 4073 admisit
554 4010 676 4091 quidem
696 4007 781 4070 Nero
798 4032 807 4065 τ
824 4011 876 4071 sed
893 4022 994 4069 tamen
1019 4004 1135 4069 Seneca
1160 4007 1202 4068 ab

118 4142 156 4182 eo
171 4134 310 4204 tempure
333 4120 439 4198 (addit
449 4116 630 4192 Cornelius)
645 4145 659 4170 «ι
675 4114 813 4177 lnstituta
831 4115 942 4198 prioris
960 4113 1101 4196 potentiae
1117 4134 1201 4174 com-

118 4241 233 4307 mutat,
259 4226 400 4312 prohibet
424 4237 518 4287 coetus
548 4222 761 4298 salutantium,
791 4222 864 4284 vitat
887 4221 1086 4296 comitantes,
1111 4240 1203 4283 rarus.
