2640 4822
161 361 228 408 xxx
422 336 493 404 ott
516 336 648 404 VITA
673 336 745 408 ΕΤ
768 336 1015 409 SCRIPTIS

160 483 201 545 At
210 482 293 544 euim
304 483 342 543 de
356 481 437 543 veris
453 481 613 543 virtutibus
626 484 692 565 ejus
710 483 832 564 qnidam
852 482 1009 560 dubitant,
1026 496 1056 546 et
1070 483 1165 547 verba
1179 485 1248 548 baec

160 611 196 653 ac
220 610 343 654 menam
367 588 469 651 luisse.
489 588 539 650 An
561 589 652 673 igitur
670 590 701 651 In
725 603 826 653 morte
845 588 938 653 tidem
953 608 1016 654 non
1033 591 1126 670 lecit,
1150 613 1246 675 qnam

161 697 265 759 omnia
280 695 413 758 bumana
427 695 461 756 in
473 694 533 758 leri
548 694 697 772 baberet,
712 714 804 778 quam
821 694 893 760 Deo
914 717 948 760 se
964 697 1141 781 preberet?

554 897 714 965 CAPUT
733 900 842 964 VIII.

316 1031 401 1093 Mors
417 1031 495 1113 ejus,
504 1031 611 1112 sortis,
628 1041 787 1106 mnatre,
804 1054 821 1093 e
841 1034 943 1094 Tacito
962 1037 1093 1096 notrum.

205 1186 248 1250 Et
260 1190 299 1250 de
319 1209 354 1251 ea
376 1190 573 1252 commodum
590 1187 771 1249 videamus:
788 1189 985 1253 rmdeautem
1003 1189 1126 1272 potins,
1149 1211 1247 1273 quam
1296 1248 1298 1252 Α

163 1318 184 1385 e¹
201 1293 345 1357 fidissimo
375 1295 558 1378 scriptorum
584 1294 693 1358 Tacito
719 1293 921 1358 hauriemus?
949 1295 1056 1360 Verba
1084 1299 1149 1380 ejus
1172 1319 1247 1362 eece

163 1403 283 1466 habes:
645 1449 653 1462 .

207 1537 223 1564 tt
235 1507 376 1590 Sequitur
390 1509 487 1570 caedes
505 1505 613 1568 Annei
623 1503 747 1572 Senecae
758 1507 912 1571 letissima
929 1507 1080 1592 principi,
1095 1529 1159 1571 non
1172 1510 1246 1592 qnia
1317 1552 1319 1564 .

166 1614 381 1700 conjurationis
391 1611 586 1675 manifestum
598 1627 810 1697 compererat,
827 1616 881 1676 sed
891 1626 925 1674 ut
937 1613 1022 1675 ferro
1032 1596 1246 1697 grassaretur,

166 1723 285 1803 quando
301 1741 452 1783 venenum
462 1740 524 1780 non
535 1731 735 1801 processerat.
749 1716 840 1781 Solus
853 1718 965 1802 quippe
976 1717 1116 1796 Natalis,
1130 1734 1161 1782 et
1173 1720 1248 1785 bac·

165 1840 253 1890 tenus
276 1825 450 1912 prompsit:
470 1825 596 1887 missum
615 1846 648 1887 se
674 1826 712 1886 ad
735 1837 882 1907 egrotum
910 1821 1061 1888 Senecam
1081 1838 1114 1887 ut
1134 1825 1250 1890 viseret

168 1946 485 2016 conquerereturque,
506 1952 560 1993 cur
575 1928 720 1994 Pisonem
740 1930 823 1992 aditu
843 1943 962 1993 arceret
979 1953 989 1990 z
1006 1930 1116 1994 melius
1136 1931 1248 1996 Ioresi

168 2041 334 2104 amicitiam
352 2037 496 2100 familiari
516 2058 679 2120 congressu
692 2036 903 2099 exercuissent.
924 2033 968 2099 Et
979 2037 1172 2121 respondisse
1184 2036 1250 2102 Se-

166 2168 297 2223 necam,
315 2165 472 2208 sermones
483 2156 603 2204 mutuos
614 2155 644 2204 et
652 2141 760 2205 crebra
772 2141 925 2224 colloquia
935 2142 1035 2206 neutri
1049 2145 1221 2208 conducere
1238 2169 1246 2204 :

168 2266 305 2317 ceterum
329 2250 457 2313 salutern
477 2269 564 2312 suam
588 2246 793 2310 incolumitate
816 2245 935 2310 Pisonis
952 2248 1049 2310 inniti.
1066 2247 1143 2312 IIrec
1164 2249 1249 2312 serre

170 2357 304 2423 Grauius
322 2355 462 2419 Silvanus
482 2354 620 2415 tribunus
635 2353 784 2436 praetoriae
803 2352 954 2426 cohortis,
971 2367 1003 2416 et
1020 2375 1062 2416 an
1079 2355 1158 2418 dicta
1177 2353 1251 2417 Na-

168 2465 248 2541 talis,
266 2483 377 2544 suaque
390 2480 537 2544 responsa
547 2472 697 2534 nosceret,
712 2460 885 2541 percontari
899 2458 1049 2523 Senecam
1058 2459 1249 2544 jubetur.1s,

167 2571 245 2634 forte
257 2592 296 2631 an
306 2571 438 2654 pmdens
450 2614 459 2642 ,
472 2568 510 2628 ad
525 2588 596 2628 eum
610 2564 691 2628 diem
705 2587 741 2626 ex
751 2563 920 2650 Campania
934 2582 1145 2647 remeaverat,
1158 2591 1251 2650 quar-

168 2694 291 2759 tumque
306 2677 386 2760 apud
396 2673 529 2757 lapidem
545 2673 718 2735 suburbano
731 2690 804 2735 rure
814 2673 994 2737 substiterat.
1005 2673 1063 2736 lllo
1076 2676 1250 2760 propinqua

168 2806 297 2870 vespera
314 2784 451 2847 tribunus
476 2784 575 2858 venit,
599 2795 630 2844 et
643 2781 747 2842 villam
769 2781 879 2865 globus
897 2783 1029 2846 militum
1044 2785 1148 2868 sepsit.
1165 2785 1251 2848 Tum

169 2893 226 2978 ipsi
251 2913 321 2954 curn
346 2887 493 2973 Pompeia
517 2887 644 2951 Paulina
674 2908 768 2951 uxore
790 2901 821 2952 et
839 2889 946 2953 amieis
968 2891 1086 2953 duobus
1114 2892 1252 2975 epulanti

169 3001 310 3062 mandata
323 2995 518 3081 imperatoris
532 2995 632 3057 edidit
643 2992 760 3059 Seneca
769 2995 896 3058 missum
907 2999 990 3059 adse
1000 2996 1163 3075 Natalem,
1176 3018 1252 3063 con-

169 3118 366 3188 questumque
381 3101 505 3163 nomine
521 3097 641 3162 Pisonis
656 3102 738 3181 quod
759 3101 883 3163 visendo
903 3123 941 3165 eo
962 3103 1199 3186 prohiberetur,
1215 3129 1252 3170 se

52 3250 57 3259 -
169 3211 287 3274 ratione
315 3207 495 3270 valetudinis
525 3219 555 3268 et
585 3227 689 3268 amore
714 3206 843 3288 quietis,
872 3209 1059 3272 excusavisse
1084 3213 1253 3294 respondit.

170 3314 235 3382 Cur
249 3315 377 3377 salutem
396 3305 506 3396 pribati
524 3311 658 3372 hominis
679 3311 878 3375 incolumitati
894 3335 955 3376 sure
971 3314 1156 3394 anteferret,
1174 3339 1254 3380 cau-

171 3446 237 3487 sam
246 3444 309 3484 non
319 3419 480 3494 babuisse,
498 3439 555 3481 nec
569 3417 627 3479 sibi
640 3432 816 3503 promptum
829 3420 860 3480 iu
871 3420 1059 3486 adulationes
1071 3424 1227 3507 ingenium
1242 3453 1250 3488 z

170 3531 261 3613 idque
274 3528 351 3590 nulli
364 3526 461 3610 magis
479 3545 607 3608 gnarum
623 3546 716 3606 quam
730 3524 868 3603 Neroni,
888 3527 939 3609 qui
954 3528 1060 3611 saepius
1077 3529 1254 3595 libertatem

173 3637 319 3711 Senecae,
336 3655 427 3716 quam
442 3630 597 3694 servitium
614 3645 754 3715 expertus
766 3646 853 3694 esset.
869 3632 933 3694 Ubi
948 3633 1013 3697 baec
1034 3656 1055 3696 a
1067 3636 1190 3698 tribuno
1203 3660 1254 3701 re-

172 3745 232 3805 lata
262 3753 350 3818 suut,
376 3736 509 3823 Poppaea
533 3751 564 3799 et
585 3735 739 3821 Tigellino
767 3760 894 3816 coram,
920 3742 1000 3821 quod
1027 3719 1093 3803 eiat
1117 3744 1253 3805 saevienti

172 3849 303 3934 principi
319 3845 459 3908 intinmm
477 3843 695 3918 consiliorum,
714 3843 901 3928 interrogat,
921 3867 961 3907 an
979 3844 1095 3911 Seneca
1111 3850 1254 3912 voluuta-

174 3958 252 4020 riam
271 3967 403 4016 mortem
418 3962 550 4035 pararet.
567 3945 649 4012 Turn
663 3950 801 4013 tribunus
821 3952 905 4013 nulla
919 3956 1042 4037 pavoris
1056 3956 1158 4039 signa,
1175 3957 1252 4018 nIbil

174 4065 258 4126 triste
276 4063 307 4123 in
327 4059 429 4122 verbis
449 4060 513 4141 ejus
527 4071 579 4119 aut
599 4056 682 4139 vultu
703 4057 926 4140 deprehensum
950 4060 1149 4123 confirmavit
1165 4060 1253 4147 Ergo

28 4168 43 4181 ⁸
109 4194 117 4203 ·
175 4169 472 4256 regredietindicere
482 4180 613 4229 mortem
627 4165 758 4248 jubetur.
771 4165 880 4230 Tradit
891 4166 1004 4232 Fabius
1015 4168 1253 4247 Rusticus,uon
