2640 4822
119 402 164 444 xx
362 373 431 441 DE
455 373 586 442 VITA
609 372 677 441 ΕΤ
702 374 947 443 SCRIPTIS

117 519 275 603 adoptivus
284 519 317 579 in
328 516 504 595 Eusebiano
518 515 688 593 Chronico,
704 545 720 572 a
735 516 848 581 Junius
855 517 988 580 Annaens
999 517 1122 600 (malim
1130 519 1196 582 Aa·

116 627 251 704 aconas)
261 624 384 702 Gallio,
404 625 499 687 frater
518 623 663 702 Senecae,
687 637 717 687 et
733 625 871 708 egregius
888 624 1121 700 declamator»,
1144 627 1192 687 di-

117 733 194 795 citur
210 757 217 792 :
237 753 275 793 an
295 731 407 815 duplici
423 731 477 792 illo
495 732 592 814 gentis
613 732 738 823 nomine
754 732 851 812 (quod
864 744 966 792 tamen
978 731 1131 794 veteribus
1142 753 1190 793 ra·

116 860 185 899 rum
198 883 207 914 ,
222 838 285 898 imo
296 857 359 898 non
374 835 450 915 fuit)
464 849 497 897 ut
514 849 599 898 notet
616 836 646 897 in
658 858 750 919 qnam
772 837 934 920 adoptione
947 836 1022 914 ivit,
1038 850 1069 899 et
1081 837 1114 898 in
1130 857 1188 919 qna

116 957 222 1006 natura
236 943 315 1007 suit?
336 942 496 1028 Apparet,
512 943 538 1005 si
551 957 634 1007 recta
649 957 695 1007 est
713 943 942 1007 nomenclatura
959 956 1010 1005 aot
1030 944 1186 1027 scriptura.

116 1048 174 1112 Est
187 1051 238 1112 ille
252 1097 261 1127 ,
274 1052 313 1112 ad
322 1071 414 1131 quem
428 1048 523 1111 libros
536 1048 587 1110 De
597 1048 647 1111 Ira
657 1063 762 1112 noster
771 1050 890 1133 scripsit
900 1062 931 1113 et
938 1049 1036 1124 misit,
1049 1071 1143 1130 quem
1157 1050 1186 1110 in

118 1156 156 1218 iis
170 1155 309 1217 Noootum
321 1155 454 1239 appellat
469 1179 477 1216 z
492 1169 523 1217 at
533 1157 688 1231 eumdem,
699 1155 729 1216 in
744 1155 907 1239 scriptione
920 1153 972 1217 De
986 1153 1059 1216 Vita
1072 1153 1183 1230 Beata,

116 1264 275 1324 Gallionem
284 1261 421 1336 fratrsms
436 1263 568 1344 itemque
585 1262 616 1324 in
636 1259 800 1346 Epistolia,
815 1263 969 1322 Dameam
982 1285 1064 1322 suum
1078 1263 1187 1323 Gallae·

116 1394 180 1432 arem
188 1392 200 1442 ,·
216 1370 363 1447 honeste,
381 1382 416 1431 nt
425 1369 551 1432 fratrem
565 1368 679 1432 scilicet
690 1370 851 1431 seniorem.
863 1367 926 1431 Sed
938 1368 1067 1430 observa
1082 1369 1186 1452 igitur,

116 1497 178 1538 non
192 1479 365 1559 adoptatum
379 1475 495 1552 videri,
508 1496 569 1556 quo
588 1487 727 1558 tempore
745 1474 813 1536 libri
824 1473 875 1537 Dc
894 1473 945 1535 ira
961 1473 1084 1557 scripti,
1100 1473 1187 1536 idest

115 1580 194 1648 Caio
216 1581 310 1645 rivo:
333 1594 438 1665 postea
459 1580 609 1662 denique,
635 1593 665 1641 et
689 1593 760 1643 tunc
785 1601 953 1664 cognomen
968 1581 1126 1660 {mutasse
1147 1579 1188 1642 At

116 1691 212 1752 irater
226 1688 369 1750 minimus
381 1731 390 1764 ,
400 1685 533 1750 Annaeau
549 1685 634 1748 Mela
651 1700 697 1748 est
708 1732 717 1764 ,
729 1685 837 1749 Tacito
851 1733 859 1757 ,
871 1685 990 1760 Dioni,
1007 1702 1037 1749 et
1052 1684 1187 1751 Eusebio

115 1795 301 1870 nominatus,
322 1794 372 1875 qni
387 1805 612 1873 equestantum
622 1792 780 1854 Romanus
791 1797 884 1873 (nam
895 1793 981 1876 prior
990 1793 1043 1854 ille
1058 1791 1187 1855 Senator

35 1942 40 1948 -
115 1900 185 1978 luit)
195 1897 352 1961 Lucanum
366 1897 463 1959 lilium
474 1899 597 1981 gennit,
614 1902 749 1982 «grande
760 1901 966 1983 adjumentum
981 1898 1038 1979 (ait
1050 1899 1189 1979 Tacitus)

116 2004 311 2067 claritudinis.
325 2031 341 2058 a
358 2001 458 2084 Atque
477 2003 511 2064 hi
530 2004 619 2087 igitur
636 2017 697 2066 tres
710 2004 839 2080 fratres,
860 2003 1019 2086 dequibus
1036 2002 1189 2067 Martialis

115 2111 278 2195 capiendus
296 2134 303 2167 z

282 2216 314 2267 Et
326 2215 394 2269 docti
407 2215 510 2269 Senecoe
524 2228 560 2268 ter
571 2217 729 2270 numeranda
741 2216 836 2269 domus.

116 2332 250 2397 Doctum
270 2346 377 2411 vocat,
397 2333 486 2394 illum
502 2331 753 2396 Declamatorem
770 2333 945 2419 :triplicem
963 2337 1110 2415 domum,
1128 2349 1190 2399 tres

116 2441 196 2502 lilios
209 2440 398 2522 lamiliasque
409 2439 513 2504 dictas.

540 2569 697 2636 CAPUT
717 2571 784 2635 111.

316 2704 517 2765 Adolescentia
529 2705 592 2784 ejus
604 2747 614 2779 ,
626 2714 832 2786 praeceptores,
847 2717 874 2766 et
891 2706 994 2768 studeo.

160 2834 240 2898 Puer
252 2836 342 2919 igitur
355 2833 489 2896 Romam
504 2833 603 2910 veuit,
620 2846 709 2915 atque
724 2834 787 2908 ibi,
804 2836 836 2896 in
850 2836 972 2919 optimis
988 2838 1123 2916 artibus,
1138 2859 1192 2923 op

118 2945 226 3006 timum
240 2941 394 3025 ingenium
411 2939 579 3002 adolevit«
596 2937 809 3003 Adolescentia
820 2942 884 3023 ejus
899 2942 930 3002 in
945 2941 1064 3004 Tiberii
1076 2944 1193 3027 princi-

119 3062 224 3134 patum
245 3046 365 3121 incidit,
388 3071 402 3101 a
420 3059 454 3108 ut
472 3045 537 3129 ipse
551 3045 670 3107 latetur.
687 3044 800 3130 (Epist.
813 3049 914 3126 cvm)
931 3072 938 3107 :
954 3049 1042 3130 idque
1058 3071 1096 3111 eo
1111 3064 1193 3113 tem-

120 3179 216 3242 pore,
240 3177 299 3237 quo
322 3183 337 3208 a
354 3154 454 3216 aliena
473 3173 560 3216 sacra
577 3153 786 3215 movebantur.
807 3181 822 3208 a
840 3154 872 3217 ls
888 3154 943 3217 luit
960 3176 1055 3218 annus
1073 3155 1193 3219 Tiberii

120 3265 257 3346 quintus,
272 3262 357 3324 urbis
375 3261 501 3324 conditae
523 3276 669 3320 occnxxu
686 3283 694 3318 ι
712 3263 793 3341 quod
807 3283 843 3323 ex
859 3261 968 3325 Tacito
985 3277 1030 3324 est
1045 3265 1195 3326 manifes-

119 3385 206 3446 tum,
223 3371 275 3451 qui
290 3397 305 3423 a
322 3388 407 3431 sacra
421 3364 605 3452 AEgyptiaca
621 3379 653 3429 et
663 3365 794 3430 tmaica
803 3369 891 3451 pulsa
905 3397 920 3422 n
935 3390 972 3431 eo
986 3390 1066 3432 anno
1080 3372 1195 3434 scribit.

121 3476 204 3559 (Lis.
220 3474 271 3551 ll,
284 3474 394 3536 Annal.
404 3475 435 3535 in
449 3473 537 3551 line.)
548 3471 653 3555 Itaque
668 3472 784 3538 Seneca
795 3489 866 3538 tunc
877 3475 1003 3560 plenam
1013 3478 1196 3542 adolescen-

120 3584 196 3646 tiam
214 3582 323 3666 egerit,
347 3580 451 3663 viginti
470 3594 522 3641 aut
536 3580 640 3663 viginti
654 3582 783 3642 duorum
796 3602 955 3644 annorum.
976 3582 1058 3645 Nam
1075 3598 1198 3647 aetatem

123 3688 366 3775 grandiusculum
383 3687 439 3749 suh
457 3688 523 3770 ipso
542 3686 677 3771 Augusto
692 3688 854 3768 habuisse,
873 3712 908 3752 ex
929 3711 966 3752 eo
984 3691 1099 3772 liquet,
1116 3696 1200 3775 quod

123 3811 296 3867 cometam,
312 3795 376 3856 sive
394 3793 550 3856 flammam
566 3808 635 3857 ante
656 3817 811 3859 excessum
828 3799 892 3880 ejus
907 3798 1136 3878 observaverit,
1161 3804 1200 3864 de

125 3925 185 3984 quo
198 3903 299 3986 prodit
314 3925 321 3960 ι
341 3927 356 3956 a
369 3899 511 3962 Vidimus
525 3915 594 3962 ante
609 3900 684 3963 Divi
694 3901 820 3985 Augusti
841 3924 996 3967 excessum
1016 3904 1116 3967 simile
1130 3927 1202 3991 pro

125 4010 238 4093 digium
254 4036 268 4061 a
280 4007 410 4088 (Quaest.
416 4006 457 4068 N.
469 4005 496 4080 l,
512 4028 578 4090 cap.
594 4007 623 4089 ι)
633 4031 640 4065 :
651 4028 709 4069 nec
718 4007 808 4090 plane
820 4010 922 4091 pueris
931 4010 1003 4072 talia
1016 4011 1137 4074 curiose
1148 4014 1203 4076 ad-

124 4128 275 4177 notentur.
299 4112 524 4198 Praeceptorem
553 4114 584 4174 in
609 4112 779 4194 eloquentia
802 4114 907 4177 habuit
928 4118 1027 4200 ipsum
1056 4132 1201 4201 patrem,

128 4222 239 4304 opinor
260 4245 267 4283 :
285 4233 374 4302 atque
391 4221 423 4282 id
441 4217 726 4281 Controuersiarum
748 4220 817 4281 libri
837 4236 867 4283 et
885 4224 1077 4305 praelationes
1089 4225 1221 4290 dicunt..
